2150 3178
390 762 963 824 MONUMENTA
998 762 1113 822 NE
1124 762 1397 823 CROLO
1407 728 1611 824 GmA

438 857 1563 919 OLAUSTRONEOBURGENSIA.

277 1001 438 1048 Canania
469 1012 858 1053 Olaustroneoburqensis,
889 1012 980 1054 vulgo
1002 1012 1278 1055 Klosterneuburq
1305 1017 1508 1054 nuncupata,
1539 1025 1562 1046 a
1583 1014 1740 1055 Leopoldo
1762 1016 1832 1049 III.

167 1066 323 1099 Austriae
348 1065 543 1103 marchione,
572 1067 683 1097 sancto
710 1065 941 1105 coynominato,
970 1064 1112 1105 fundata
1138 1067 1351 1098 monumentis
1377 1066 1578 1107 necroloyicis
1599 1078 1683 1107 prae
1709 1069 1834 1100 cunetis

168 1118 323 1152 Austriae
344 1117 513 1160 inferioris
534 1117 689 1149 coenobiis
710 1117 872 1149 uberrima
894 1119 949 1156 est,
971 1117 1031 1149 etsi
1052 1116 1261 1158 necroloqium
1283 1128 1365 1150 saec.
1382 1118 1433 1150 12.
1451 1121 1481 1150 et
1503 1120 1554 1151 13.
1570 1119 1832 1160 antiquissimum

166 1169 258 1202 hodie
273 1169 411 1210 periisse
432 1169 620 1201 censendum
642 1171 698 1201 est.

271 1222 301 1254 I.
337 1222 366 1254 1.
389 1220 609 1262 Necroloqium
625 1221 770 1261 primum
791 1221 843 1253 his
865 1221 972 1253 adhuc
993 1223 1124 1253 exstans
1146 1222 1345 1262 temporibus,
1367 1222 1452 1263 quod
1466 1223 1498 1254 A
1519 1224 1655 1261 nomino,
1678 1218 1774 1256 co'dex
1790 1224 1832 1256 79

167 1274 301 1307 maioris
317 1273 445 1316 formae
458 1273 717 1305 membranaceus
738 1273 775 1304 in
792 1272 977 1305 bibliotheca
995 1272 1352 1315 claustroneoburqensi
1365 1275 1523 1315 repositus
1531 1278 1662 1316 praeter
1676 1278 1834 1317 martyro-

166 1326 284 1368 loyium
310 1325 399 1366 soliis
424 1325 605 1357 77b—108
631 1325 783 1364 continet,
813 1325 850 1357 in
877 1325 962 1366 quod
987 1335 1069 1357 saec.
1091 1327 1142 1358 14.
1166 1326 1294 1358 ineunte
1321 1327 1451 1359 institui
1478 1327 1662 1360 inchoatum
1691 1329 1833 1361 auctoris

167 1388 285 1410 manus
311 1387 350 1409 ex
365 1378 490 1418 priore,
517 1376 732 1409 verisimiliter
753 1377 979 1417 antiqaiissimo
1000 1376 1174 1417 necroloqio
1197 1387 1284 1409 nunc
1306 1378 1424 1410 amisso
1445 1381 1540 1411 notas
1562 1379 1730 1411 transtulit
1751 1390 1831 1412 non-

166 1429 274 1463 nullas
295 1430 440 1471 quodque
465 1439 488 1461 a
513 1429 615 1461 variis
637 1428 843 1461 librariorum
864 1429 1014 1461 manibus
1039 1439 1140 1469 usque
1166 1429 1203 1461 in
1224 1440 1306 1462 saec.
1323 1430 1374 1462 15.
1398 1431 1568 1463 deductum
1590 1434 1684 1472 atque
1706 1431 1833 1464 duabus

166 1481 332 1521 columnis,
351 1491 488 1522 quarum
503 1482 540 1513 in
551 1481 660 1522 prima
671 1480 818 1523 fratrum
833 1491 872 1513 ac
886 1491 1040 1520 sororum,
1060 1481 1097 1513 in
1111 1481 1215 1513 altera
1229 1492 1300 1514 vero
1311 1482 1533 1524 familiarium
1547 1486 1641 1515 notae
1656 1483 1833 1524 descriptae

166 1536 252 1574 sunt,
273 1534 464 1574 dispositum
486 1536 540 1565 est.

269 1586 301 1618 2.
325 1585 545 1627 Necroloqium
566 1585 713 1626 alterum,
737 1585 792 1617 cui
806 1585 840 1617 B
854 1595 968 1618 nomen
989 1585 1071 1624 dedi,
1094 1585 1212 1617 codicis
1236 1587 1300 1617 626
1314 1586 1448 1618 maioris
1459 1586 1587 1629 formae
1601 1588 1832 1620 membranacei

162 1636 202 1670 'in
229 1638 337 1670 eadem
365 1637 548 1670 bibliotheca
569 1637 725 1669 reconditi
746 1637 835 1676 foliis
858 1637 1059 1669 111b—173
1082 1638 1275 1676 continetur,
1305 1638 1341 1669 in
1362 1639 1447 1678 quod
1468 1649 1499 1672 a.
1523 1639 1649 1671 circiter
1673 1640 1757 1672 1370
1779 1641 1830 1672 in-

164 1690 315 1722 stitutum
337 1693 367 1722 et
389 1690 473 1722 sicut
492 1689 702 1730 necroloqium
719 1689 752 1721 A
767 1689 956 1730 dispositum
971 1692 1084 1721 auctor
1104 1692 1198 1722 notas
1212 1689 1381 1731 necroloqii
1392 1691 1493 1730 primi
1508 1691 1571 1732 (A)
1578 1691 1750 1732 plurimas,
1773 1693 1831 1724 etsi

165 1752 231 1774 non
252 1752 358 1774 omnes
374 1742 493 1782 paucis
515 1743 642 1773 tantum
663 1741 748 1773 notis
770 1741 810 1773 ab
832 1741 908 1773 aliis
929 1741 1136 1773 librariorum
1158 1742 1307 1774 manibus
1321 1742 1455 1774 adiectis
1469 1744 1700 1783 transscripsit.
1751 1743 1831 1777 Oum

164 1796 273 1826 autem
289 1793 392 1834 paulo
410 1796 484 1834 post
505 1793 607 1825 alium
628 1793 839 1834 necrologium
860 1793 959 1825 scribi
981 1796 1123 1833 coeptum
1145 1796 1240 1834 atque
1262 1796 1301 1826 ut
1316 1795 1462 1834 primum
1484 1795 1673 1835 dispositum
1695 1796 1747 1835 sit,
1775 1796 1833 1829 hoc

165 1845 375 1887 necroloqium
397 1856 432 1878 eo
453 1845 584 1878 consilio
607 1846 792 1877 institutum
813 1855 879 1878 esse
899 1845 1035 1884 videtur,
1057 1848 1094 1877 ut
1109 1846 1256 1878 canonici
1264 1847 1373 1886 primo
1388 1846 1561 1888 necroloyio
1577 1857 1656 1879 casu
1671 1848 1832 1888 deperdito

165 1898 223 1930 hoc
244 1899 281 1930 in
303 1897 394 1930 choro
415 1897 466 1929 uti
473 1899 613 1938 possent.
654 1897 746 1938 Quod
759 1907 830 1929 vero
844 1897 1054 1938 necrologium
1062 1898 1171 1938 primo
1187 1901 1282 1939 atque
1297 1899 1499 1939 sequentibus
1515 1899 1640 1931 omissis
1654 1900 1704 1932 vir
1719 1901 1833 1940 optime

165 1951 309 1988 meritus,
339 1950 446 1982 doctor
473 1949 701 1981 Hartmannus
722 1949 846 1990 Zeibi9,
878 1950 1052 1982 canonicus
1077 1949 1458 1991 Claustroneoburqensis,
1485 1951 1622 1992 (Archiv
1645 1951 1707 1994 fiir
1735 1954 1831 1984 b'ster-

165 2002 335 2034 reichische
360 2001 544 2034 Geschichte
574 2001 647 2040 VII,
662 2002 727 2033 269
738 2002 835 2042 seqq.)
857 2004 984 2034 tantum
1001 2002 1147 2042 primum
1170 2002 1318 2043 vulyavit.

271 2055 302 2087 3.
330 2053 549 2094 Necroloqium
575 2054 716 2092 tertium,
745 2064 767 2085 a
794 2064 842 2086 me
867 2054 904 2086 in
931 2054 1067 2086 editione
1092 2054 1120 2086 C
1143 2055 1357 2093 nominatum,
1388 2054 1480 2087 hodie
1506 2058 1637 2087 exstans
1665 2055 1762 2087 codex
1787 2057 1831 2087 80

165 2107 299 2139 maioris
320 2106 442 2145 formae
463 2105 733 2144 membranaceus,
762 2106 819 2146 qui
845 2106 941 2138 etiam
963 2105 1164 2138 bibliothecae
1190 2105 1564 2148 Claustroneoburqensis
1585 2109 1644 2146 est,
1674 2108 1716 2139 49
1734 2107 1830 2150 foliis

165 2159 201 2191 in
222 2158 337 2190 ultima
351 2159 447 2198 parte
463 2157 688 2201 complectitur,
711 2157 796 2198 quod
817 2158 901 2189 sicut
911 2158 1056 2198 primum
1078 2167 1116 2189 ac
1130 2158 1304 2190 secundum
1320 2159 1446 2191 duabus
1461 2158 1615 2191 columnis
1630 2159 1828 2199 dispositum,

163 2221 196 2243 a.
212 2210 295 2241 1421
319 2220 353 2241 eo
375 2209 464 2241 modo
486 2209 620 2241 describi
641 2210 810 2250 inceptum,
834 2212 871 2241 ut
892 2209 1063 2242 nonnullae
1078 2210 1246 2251 necroloqii
1261 2211 1365 2251 primi
1386 2214 1479 2243 notae
1502 2212 1730 2252 transscriptae
1752 2212 1828 2251 sint,

164 2273 204 2294 ac
226 2272 248 2294 a
269 2262 372 2294 variis
394 2261 600 2293 librariorum
622 2262 770 2294 manibus
791 2272 891 2302 usque
914 2262 950 2294 in
971 2272 1052 2294 saec.
1070 2263 1121 2294 16.
1145 2263 1368 2295 continuatum
1390 2266 1444 2295 est.

268 2315 300 2346 4.
333 2313 504 2345 Praeterea
537 2313 573 2345 in
604 2313 706 2345 codice
734 2313 820 2345 1247
849 2314 982 2346 maioris
1011 2315 1133 2353 formae
1166 2315 1398 2348 membranaceo
1431 2316 1468 2347 in
1502 2316 1640 2348 eiusdem
1674 2317 1829 2350 canoniae

165 2366 349 2399 bibliotheca
370 2366 530 2398 recondito
551 2369 704 2407 quartum
724 2368 866 2406 superest
884 2366 1096 2407 necrologium
1111 2377 1142 2401 a.
1156 2367 1241 2398 1649
1256 2367 1448 2407 institutum,
1471 2368 1507 2400 in
1528 2368 1613 2408 quod
1633 2371 1726 2401 notae
1747 2369 1784 2402 in
1803 2369 1831 2402 0

164 2420 327 2451 contentae
355 2418 568 2460 transcriptae
591 2420 667 2450 swnt
689 2418 832 2459 quodque
854 2429 874 2450 a
896 2419 998 2450 variis
1020 2418 1225 2451 librariorum
1246 2419 1396 2451 manibus
1417 2420 1554 2452 ulterius
1575 2420 1741 2453 deductum
1764 2432 1829 2454 esse

164 2470 299 2502 videtur.
347 2470 438 2511 Quod
459 2479 530 2502 cum
551 2479 630 2508 vcro,
657 2470 741 2510 quod
761 2470 806 2501 ad
828 2480 907 2510 opus
927 2471 1042 2502 attinet
1063 2473 1208 2503 nostrum
1230 2471 1296 2503 tria
1319 2471 1354 2503 in
1376 2481 1479 2504 unum
1501 2473 1700 2511 confundens
1720 2483 1827 2506 necro-

165 2521 256 2563 loqia,
279 2521 403 2554 nullius
424 2521 572 2554 momenti
593 2522 781 2554 censendum
803 2522 856 2561 sit,
877 2532 1012 2562 prorsus
1033 2522 1157 2555 silentio
1180 2523 1282 2556 omisi.

269 2574 324 2606 Ad
350 2576 517 2606 auctorum
546 2573 745 2614 sinqulorum
773 2573 1017 2615 necroloyiorum
1050 2584 1089 2606 ac
1121 2574 1258 2606 aliorum
1288 2575 1425 2615 sinqulis
1453 2575 1590 2608 saeculis
1621 2576 1827 2609 librariorum

165 2635 281 2658 manus
312 2626 396 2667 typis
424 2625 666 2666 distinyuendas
693 2636 805 2657 curam
833 2625 954 2658 contuli
988 2626 1171 2658 maximam.
1230 2626 1383 2659 Auctoris
1413 2627 1581 2668 necroloqii
1608 2628 1640 2660 A
1670 2638 1751 2660 saec.
1774 2630 1825 2660 14.

165 2686 298 2709 manum
320 2677 434 2710 litteris
455 2677 629 2710 maioribus
651 2676 751 2709 latius
773 2677 943 2717 dispositis,
966 2678 1221 2710 continuationes
1242 2689 1322 2710 saec.
1340 2679 1392 2711 14.
1415 2679 1451 2711 in
1470 2679 1503 2711 A
1526 2681 1688 2712 contentas
1713 2680 1827 2712 litteris

164 2729 339 2761 maioribus
361 2729 461 2764 latius
482 2729 645 2770 dispositis
666 2730 760 2761 uncis
781 2729 924 2768 inclusis,
948 2739 1062 2770 easque
1083 2740 1154 2762 vero
1177 2740 1257 2762 saec.
1275 2730 1326 2763 15.
1350 2731 1387 2762 in
1402 2731 1434 2763 A
1454 2731 1688 2772 comprehensas
1711 2731 1826 2764 litteris

165 2781 339 2813 maioribus
354 2781 508 2814 disiunxi.
553 2781 656 2814 Notas
678 2781 717 2813 ab
734 2784 864 2814 auctore
885 2781 921 2814 in
936 2781 1108 2823 necrologio
1124 2781 1158 2814 B
1171 2792 1251 2814 saec.
1265 2783 1315 2814 14.
1332 2782 1508 2824 descriptas
1522 2783 1637 2815 litteris
1653 2783 1828 2816 maioribus

165 2831 264 2864 latius
286 2833 457 2873 dispositis,
484 2835 576 2865 notas
597 2843 678 2866 saec.
696 2833 748 2865 14.
771 2833 912 2874 reliquas
933 2834 969 2866 in
992 2833 1026 2866 B
1049 2833 1163 2866 litteris
1184 2834 1358 2867 maioribus
1380 2835 1543 2876 dispositis
1563 2836 1658 2868 uncis
1679 2836 1824 2875 inclusis,

1585 2895 1617 2922 1*
