2150 3178
358 186 426 217 ,438
487 183 656 212 ROTULUS
675 183 830 211 NECROL.
844 182 1020 211 COENOBII
1038 183 1170 211 FRATR.
1184 183 1317 212 MINOR.
1330 183 1559 212 OBSERVANT.
1571 183 1907 214 EGGENBURGENSIS.

359 270 392 297 in
411 270 561 305 Velsperg‚
587 270 636 298 cfr.
650 270 758 305 Caspai·
775 278 831 298 sac.
844 269 874 297 in
893 270 1018 304 Labaco,
1045 272 1093 299 cfr.
1107 271 1249 307 Longinus
1267 271 1286 299 1.
1300 271 1432 304 Wienne,
1455 271 1504 300 cfr.
1518 271 1667 300 Udalricus
1685 271 1703 300 l.
1717 273 1881 307 procurator
1899 271 2028 306 Wienne,

358 313 412 341 cfr.
427 313 538 340 Marcus
557 313 576 341 1.
590 315 619 341 et
637 322 719 341 cocus
739 314 870 346 Wienne,
896 314 945 341 cfr.
958 313 1124 342 Walthasar
1141 323 1210 346 sac..
1235 323 1309 350 mag.
1321 315 1454 342 nov³⁰mm
1472 314 1501 342 in
1519 314 1611 347 Lews,
1637 315 1685 343 cfr.
1698 315 1802 350 Symon
1819 324 1875 344 sac.
1891 315 1922 344 in
1941 316 2028 349 Laws,

358 356 413 384 cfr.
427 356 605 384 Bernhardus
623 365 678 384 sac.
691 357 825 392 antiquus
844 357 872 384 in
891 357 983 390 Lews,
1010 358 1060 385 cfr.
1074 357 1251 386 Panthaleon
1269 358 1288 386 1.
1301 358 1493 394 Newnburgs,
1518 358 1567 387 cfr.
1580 358 1715 387 Eusebius
1733 359 1751 386 l.
1765 358 1952 395 Nswnburga
1979 361 2028 388 cfr.

365 399 487 427 Basilius
507 400 570 428 cler.
584 401 774 436 Radegundis,
793 401 842 428 cfr.
857 400 1026 429 Benedictus
1045 401 1110 429 cler.
1124 401 1251 435 Wienne,
1270 401 1318 429 cfr.
1332 401 1527 437 sigismundus
1545 402 1610 430 cler.
1624 401 1813 438 Radegundis.
1833 403 1881 430 cfr.
1893 402 2027 431 Arsenius

364 444 429 471 cler.
443 446 472 471 et
490 452 553 471 nov.
568 444 753 479 Newnburge,
780 444 828 471 cfr.
843 443 925 472 Vitus
943 444 960 471 l.
974 444 1200 478 in·Enczestarff,
1225 445 1275 473 cfr.
1289 445 1462 480 Augustinus
1480 445 1498 472 1.
1511 444 1639 478 Wienne,
1665 445 1714 473 cfr.
1727 445 1850 474 Thomas
1867 446 1887 474 l.
1899 445 2028 480 Wienne,
2058 455 2070 474 s

360 487 412 514 cfr.
428 486 551 515 Michnel
572 495 629 515 sac.
647 487 808 522 predicator
825 487 1016 523 Newnburge,
1046 487 1094 516 cfr.
1108 488 1248 516 Osbaldus
1266 497 1322 516 sac.
1335 488 1530 524 Newnburge.
1557 488 1606 516 cfr.
1619 488 1828 517 Cholomannus
1846 489 1912 517 cler.
1925 490 2027 518 Newn-

363 530 460 566 burge,
481 531 529 558 cfr.
542 531 669 559 Thateus
688 531 752 558 cler.
765 531 953 566 Newnburge‚
973 531 1022 559 cfr.
1035 531 1197 559 Felicianus
1209 531 1275 560 cler.
1288 541 1351 560 nov.
1366 532 1554 567 Newnburge.
1573 531 1622 559 cfr.
1635 531 1743 560 Ruffius
1756 532 1773 559 l.
1786 532 1961 568 mgnum-ge,
1980 534 2028 561 cfr.

365 573 502 609 Virgilius
515 574 580 602 cler.
593 573 780 609 Newnburge,
800 574 849 602 cfr.
859 573 1008 602 Udalricus
1021 574 1086 602 cler.
1098 583 1161 603 nov.
1174 575 1203 602 in
1216 574 1250 603 S⁰
1260 575 1386 610 Ypohto,
1407 575 1455 603 cfr.
1470 575 1574 602 Paulus
1592 583 1657 608 sac„
1676 574 1836 610 predicator
1847 575 2028 612 Egenburgeg

363 626 390 652 p.
403 617 518 645 Alexius
541 618 606 645 cler.
626 626 689 645 nov.
701 616 835 650 Wienne,
863 617 912 645 cfr.
925 617 1090 646 Franciscus
1113 618 1178 646 cler.
1194 627 1256 646 nov.
1271 618 1402 647 Wienne,
1430 619 1479 646 cfr.
1493 618 1657 646 Franciscus
1680 618 1745 646 cler.
1763 627 1827 646 nov.
1840 619 2027 656 Newnburge,

362 661 411 688 cfr.
421 660 585 688 Dominicus
598 661 616 688 1.
631 660 819 696 Radegundis,
839 660 887 688 cfr.
899 661 1037 689 Martinus
1049 670 1104 689 sac.
1118 661 1147 689 in
1160 661 1303 694 Paradiso,
1322 662 1370 690 cfr.
1384 662 1521 690 Iohannes
1533 670 1589 690 sac.
1603 662 1637 690 de
1651 661 1807 698 Pamberga
1819 661 1848 690 in
1860 662 2028 698 S⁰Ypolito‚
2048 669 2073 690 ω

360 705 413 732 etr.
426 704 594 732 Laurentius
612 703 678 732 cler.
691 703 721 731 in
740 703 773 730 So
786 703 912 739 YpoHto,
932 704 982 732 cfr.
996 704 1153 733 Ludovicus
1172 705 1237 734 cler.
1250 714 1312 733 nov.
1326 705 1502 741 Egenburge‚
1525 705 1573 733 cfr.
1587 705 1725 733 Iohannes
1743 714 1808 738 sac„
1826 705 1876 740 qui
1893 705 1949 734 fuit
1966 714 2030 734 oon·

365 747 505 775 ventualis
524 746 656 779 Wienne,
684 747 734 774 cfr.
747 747 884 774 Martinus
902 756 959 775 sac.
976 748 1011 776 de
1031 748 1143 776 Prussin
1162 748 1192 775 in
1213 748 1356 781 Paradiso,
1384 749 1432 776 cfr.
1446 748 1576 776 Erasmus
1595 749 1660 776 cler.
1677 756 1739 776 noV.
1756 748 1786 776 in
1804 748 1952 781 Paradiso,
1979 749 2028 778 cfr.

364 790 493 818 Urbanus
512 791 577 818 cler.
595 790 624 817 in
642 789 789 823 paradiso,
817 789 864 818 cfr.
878 790 1054 826 Augustinus
1072 791 1091 819 l.
1104 790 1234 824 Wienne,
1262 792 1310 819 ofr.
1323 791 1490 820 Anastasius
1507 791 1527 819 1.
1545 791 1575 819 in
1594 791 1686 826 Laws,
1713 791 1763 820 cfr.
1777 791 1944 820 Vinconcius
1963 792 2031 821 cler.

362 842 427 861 nov.
440 833 468 860 in
487 833 630 866 Paradiso,
660 833 708 861 cfr.
722 833 840 861 Iacobus
858 833 877 861 l.
890 833 919 861 in
939 833 1026 867 Lews,
1053 834 1103 862 cfr.
1115 834 1239 868 Michael
1257 835 1323 863 cler.
1338 835 1464 868 Wienne,
1492 835 1541 863 cfr.
1555 835 1676 863 Thomas
1695 835 1723 868 1.,
1746 835 1797 870 qui
1815 835 1860 863 ob.
1873 835 1903 863 in
1923 834 1996 863 vinis
2003 837 2028 870 ⁸)

362 886 452 912 prope
471 877 645 904 Paradisum.
2048 884 2073 904 u

468 921 500 947 Α.
514 920 540 947 d.
554 920 633 948 1496:
653 920 703 948 cfr.
715 919 840 954 Angelus
858 928 923 952 sao„
942 920 1105 956 predicator
1116 921 1147 949 in
1159 921 1338 955 Encsestorff,
1356 922 1405 950 cfr.
1415 922 1545 950 Erasmus
1557 930 1612 950 sac.
1625 921 1656 949 in
1669 921 1780 950 Labaco
1789 923 1819 956 ¹),
1838 921 1887 950 cfr.
1897 921 2030 957 Hylarius

363 972 452 991 novus
470 972 526 991 sac.
539 964 568 991 in
589 964 776 999 Newnburgs„
805 963 853 991 cfr.
867 963 983 993 Gabriel
1000 973 1065 997 sac..
1093 965 1141 994 cfr.
1155 965 1245 994 Iorius
1263 965 1328 994 cler.
1342 974 1406 994 now
1419 965 1548 999 Wienne,
1575 966 1623 994 cfr.
1637 965 1776 994 Steffanus
1794 965 1813 993 1.
1826 965 1953 998 Wienne,
1981 964 2030 993 cfr.

366 1006 530 1035 Franciscus
548 1015 604 1034 sac.
617 1007 651 1076 {e
664 1007 818 1077 Ylngelstat
831 1007 959 1040 Wienne,
977 1008 1027 1036 cfr.
1040 1008 1139 1036 Gallus
1156 1009 1184 1042 l.‚
1202 1009 1253 1044 qui
1270 1009 1346 1038 iacet
1357 1009 1388 1037 in
1401 1012 1539 1037 conventu
1553 1008 1582 1037 in
1596 1009 1755 1044 Marpurok‚
1774 1008 1823 1037 cfr.
1835 1008 2030 1045 Archangelu-

364 1059 429 1084 sac.,
449 1050 499 1085 qui
519 1050 564 1077 ob.
578 1050 607 1077 in
648 1051 678 1077 ta
692 1050 728 1078 ia.

470 1095 501 1121 A.
514 1093 541 1121 d.
555 1094 634 1120 1497:
659 1094 722 1128 pbr.
736 1094 896 1122 Alexander
915 1093 968 1122 vic.
982 1094 1127 1129 provincie
1145 1094 1175 1122 in
1196 1094 1319 1127 Labaco,
1341 1095 1390 1122 cfr.
1404 1095 1612 1123 Bernhardinus
1631 1095 1696 1124 cler.
1710 1095 1744 1123 de
1763 1095 1884 1124 Patavia
1901 1094 2029 1128 Wienne,
2047 1099 2074 1121 η

364 1138 413 1165 cfr.
426 1137 574 1165 Severinus
593 1137 659 1165 cler.
675 1137 704 1164 in
724 1138 858 1173 Pupping
865 1138 900 1172 ¹).
918 1138 967 1166 cfr.
981 1138 1082 1173 Ioseph
1101 1138 1166 1166 cler.
1177 1146 1242 1166 nov.
1255 1138 1375 1167 Wienne
1383 1139 1417 1172 ⁸),
1441 1139 1491 1166 cfr.
1503 1138 1614 1166 Marcus
1632 1147 1687 1167 sac.
1700 1138 1732 1166 in
1749 1138 1783 1166 S⁰
1796 1138 1913 1174 Ypolito
1920 1139 1955 1172 ⁴),
1979 1138 2029 1167 cfr.

364 1181 529 1208 Franciscus
548 1181 566 1208 l.
579 1181 609 1208 in
628 1181 748 1213 Labaco.
774 1181 822 1208 cfr.
837 1181 943 1216 Caspar
961 1181 1026 1209 cler.
1039 1180 1068 1208 in
1087 1181 1168 1209 Stain
1176 1182 1210 1215 ⁶).
1233 1181 1282 1209 cfr.
1295 1181 1446 1218 Gregorius
1465 1182 1530 1210 cler.
1541 1181 1571 1209 in
1585 1181 1681 1216 ‘Staim
1707 1182 1755 1210 cfr.
1767 1181 1955 1218 wolfgangus
1972 1189 2029 1210 sao.

364 1225 394 1252 in
412 1224 500 1256 Lews,
520 1224 568 1251 cfr.
582 1223 731 1259 ciprianus
751 1224 816 1252 cler.
830 1224 858 1251 in
877 1224 981 1252 Graecz
990 1226 1020 1258 ⁸),
1040 1225 1088 1252 cfr.
1101 1224 1171 1253 Otto
1189 1233 1246 1252 sac.
1259 1225 1294 1253 de
1313 1225 1426 1253 Prussia
1444 1225 1472 1253 in
1492 1225 1678 1261 Reiffenbsrg.

469 1268 500 1295 A.
515 1268 540 1295 d.
556 1268 635 1295 1498:
661 1267 710 1295 cfr.
724 1267 807 1294 vitus
825 1276 881 1295 sac.
895 1268 1038 1296 Mensator
1055 1268 1084 1295 in
1103 1268 1227 1302 Labaco,
1252 1269 1300 1297 cfr.
1314 1268 1439 1296 Liberius
1458 1277 1514 1297 sac.
1527 1268 1706 1305 Egenburge,
1729 1269 1777 1296 cfr.
1791 1268 1956 1304 Porphirius
1973 1276 2029 1296 sac.

364 1311 552 1346 Newnburge,
572 1311 620 1339 cfr.
635 1311 802 1338 Valentinus
820 1319 877 1338 sac.
891 1311 1028 1338 Althosen
1041 1311 1168 1345 Wienne,
1188 1311 1237 1340 cfr.
1251 1311 1340 1339 Iorius
1357 1311 1377 1339 1.
1389 1311 1496 1340 Sattler
1511 1311 1692 1347 Radegundis
1701 1313 1730 1346 ⁷),
1749 1312 1798 1340 cfr.
1811 1311 1952 1340 Erhardus
1969 1310 1988 1340 l.
2000 1310 2030 1340 in
2048 1319 2073 1340 ss

365 1354 584 1386 Ruedolffsberd.
605 1354 653 1382 cfr.
667 1354 807 1382 Adrianus
826 1354 844 1382 l.
858 1353 985 1387 Wienne,
1005 1354 1053 1382 cfr.
1066 1354 1296 1383 Wartholomeus
1314 1363 1369 1383 sac.
1386 1354 1417 1382 in
1436 1354 1556 1387 abaco,
1575 1355 1624 1383 cfr.
1638 1354 1783 1390 Waptista
1801 1355 1820 1383 1.
1833 1354 1961 1390 Wienne,
1980 1355 2029 1383 cfr.

366 1398 506 1425 Adrianus
525 1398 544 1426 l.
557 1398 685 1426 Wienne.

470 1442 502 1468 A.
515 1441 541 1469 d.
555 1442 635 1469 1499:
654 1442 704 1469 cfr.
718 1440 868 1468 Cassianus
881 1449 938 1469 sac.
950 1441 981 1468 in
994 1441 1114 1474 Labaeo,
1133 1441 1182 1469 cfr.
1195 1440 1319 1468 Iustinus
1331 1449 1388 1469 sac.
1400 1440 1577 1477 Egonburgs,
1597 1441 1645 1470 cfr.
1659 1441 1762 1469 Paulus
1775 1441 1840 1470 cler.
1853 1441 2030 1478 Egenburge,

366 1484 414 1511 cfr.
429 1484 579 1519 Ciprianus
598 1485 662 1512 cler.
676 1484 804 1517 Wienne,
827 1484 876 1512 cfr.
890 1484 1043 1512 leronimus
1060 1493 1116 1512 sac.
1129 1483 1259 1518 Wienne,
1284 1484 1333 1512 cfr.
1346 1484 1523 1512 Bernhardus
1542 1493 1598 1513 sac.
1612 1484 1788 1520 Iudenburge
1796 1486 1826 1519 ⁸),
1845 1485 1894 1513 cfr.
1907 1485 2031 1514 Miehael

367 1527 385 1555 l.
399 1527 527 1555 Wienne,
2047 1535 2074 1556 so

470 1571 502 1598 A.
516 1571 542 1598 d.
556 1571 636 1598 1500:
650 1571 699 1598 cfr.
711 1570 917 1598 Bernhardinus
930 1570 995 1598 cler.
1008 1579 1082 1606 mag.
1093 1571 1289 1599 Pranstettner
1301 1579 1364 1599 nov.
1372 1570 1500 1604 Wienne,
1519 1570 1567 1599 cfr.
1578 1570 1682 1598 Michel
1694 1570 1712 1598 1.
1724 1570 1862 1598 firmarius
1873 1570 1904 1598 in
1916 1571 2029 1604 Graeca,

367 1614 415 1642 cfr.
429 1614 586 1649 Leopoldus
606 1615 623 1641 l.
641 1614 670 1641 in
690 1614 878 1646 Lanckabicz,
907 1615 956 1642 cfr.
970 1614 1071 1642 Petrus
1090 1623 1146 1642 sac.
1160 1614 1344 1650 Langseitton
1364 1614 1496 1647 Wienne,
1524 1615 1573 1642 cfr.
1586 1614 1731 1642 Barnabas
1749 1622 1804 1642 sac.
1817 1614 1952 1647 Wienne,
1980 1615 2029 1643 cfr.

366 1657 504 1685 Antonius
524 1658 542 1684 l.
555 1660 720 1692 procurator
740 1657 920 1693 Radegundis
933 1657 1062 1691 Wienne,
1082 1658 1131 1685 cst.
1145 1657 1296 1693 Philippus
1314 1657 1341 1690 1.,
1360 1657 1410 1692 qui
1427 1657 1481 1686 ivit
1498 1657 1575 1686 inter
1592 1657 1706 1690 Tuscos,
1724 1657 1901 1694 Egonburge.

471 1702 504 1727 A.
517 1701 543 1728 d.
557 1701 635 1728 1501:
656 1701 704 1728 cfr.
717 1701 901 1728 Sebastianus
919 1709 983 1734 sac.¹
1008 1701 1148 1729 confessor
1166 1701 1195 1728 in
1215 1701 1328 1734 Graecz,
1354 1701 1402 1728 cfr.
1415 1701 1574 1729 Alexander
1592 1701 1657 1729 cler.
1670 1701 1797 1734 Wienne,
1816 1701 1864 1729 cfr.
1877 1701 2030 1737 Procopius

366 1753 422 1772 sac.
435 1744 464 1771 in
478 1745 574 1777 Graez,
596 1745 644 1772 cfr.
659 1744 838 1772 Bernhardus
857 1744 875 1772 l.
889 1744 918 1771 in
932 1743 1044 1776 Graecz,
1064 1743 1113 1771 cfr.
1126 1744 1256 1771 Erasmus
1275 1744 1294 1772 1.
1307 1747 1336 1772 et
1355 1753 1437 1772 cocus
1455 1744 1485 1772 in
1498 1743 1611 1777 Graeca,
1630 1744 1679 1772 cfr.
1693 1744 1809 1772 Iodocus
1827 1744 1891 1773 cler.
1901 1744 2028 1778 Wienne,
2046 1751 2072 1772 κ

366 1788 414 1814 cfr.
427 1787 546 1814 Iacobus
564 1788 599 1815 de
618 1787 741 1814 Wienna
758 1796 814 1814 sac.
827 1786 857 1814 in
870 1787 1015 1822 Velsperg,
1042 1787 1090 1815 cfr.
1103 1787 1237 1815 Albertus
1255 1796 1311 1816 sac.
1324 1789 1353 1815 et
1371 1787 1492 1823 scriptor
1510 1788 1638 1821 Wienne,
1662 1787 1710 1815 cfr.
1724 1787 1849 1816 Mathias
1866 1797 1955 1816 novus
1972 1796 2029 1816 sac.

365 1830 395 1857 in
414 1830 500 1859 Lews.
964 1856 966 1858 ,

469 1874 502 1901 A.
513 1873 538 1900 d.
551 1874 630 1900 1502:
643 1874 692 1901 efr.
702 1873 842 1901 Martinus
854 1883 908 1901 sao.
920 1874 950 1901 in
960 1873 1080 1907 laubaco,
1093 1874 1142 1902 cfr.
1153 1874 1360 1902 Bernhardinus
1373 1875 1408 1902 de
1417 1874 1586 1902 Mistelbach
1599 1883 1673 1910 mag.
1683 1874 1810 1908 Wienne,
1823 1875 1871 1902 etr.
1881 1874 2030 1910 Cipi-ianus

366 1917 431 1944 cler.
446 1917 475 1944 in
495 1917 615 1952 Puping.
635 1918 683 1945 cfr.
697 1918 797 1945 Petrus
815 1926 872 1945 sac.
886 1917 1019 1952 antiquus
1037 1918 1214 1953 Egenburgffl
1233 1918 1282 1946 cfr.
1296 1918 1435 1946 Antonius
1454 1918 1545 1946 Faber
1562 1918 1582 1946 1.
1595 1918 1783 1953 Newnburge,
1802 1918 1851 1946 cfr.
1862 1917 2029 1947 Vincencius

365 1960 400 1988 de
419 1960 477 1988 Laa
496 1969 551 1987 sac.
565 1960 594 1987 in
613 1960 780 1992 Stockerau,
809 1961 857 1988 cfr.
872 1961 1067 1989 Bonaventura
1085 1961 1119 1989 de
1138 1961 1197 1989 Laa
1215 1970 1271 1989 sac.
1285 1961 1415 1994 Wienne,
1444 1961 1493 1989 cfr.
1506 1961 1626 1996 Prosper
1644 1961 1662 1989 l.
1675 1961 1806 1994 Wienne,
1834 1961 1883 1989 cfr.
1895 1961 2029 1997 Ypolitus
2046 1970 2074 1990 so

365 2013 430 2036 sac„
443 2012 518 2039 mag.
531 2012 621 2035 meus,
635 2003 767 2036 Wienne,
787 2005 836 2031 cfr.
850 2004 950 2031 Petrus
968 2004 987 2031 1.
998 2006 1090 2032 sartor
1102 2004 1234 2037 Wienne,
1253 2004 1301 2032 cfr.
1315 2004 1480 2032 Franciscus
1497 2013 1554 2032 sac.
1570 2004 1604 2033 de
1624 2005 1763 2033 Oketsohe
1781 2004 1810 2032 in
1828 2004 1952 2038 Labaeo,
1980 2005 2029 2034 cfr.

365 2047 490 2082 Angelus
509 2056 564 2074 sac.
577 2047 676 2074 doctor
694 2047 723 2074 in
742 2047 863 2082 Puping,
882 2047 930 2075 cfr.
943 2047 1094 2083 Gregorius
1112 2056 1168 2075 sac.
1182 2047 1211 2075 in
1230 2047 1373 2081 Pax-adise,
1392 2049 1442 2076 cfr.
1455 2048 1594 2076 Steffanus
1612 2057 1668 2076 sac.
1681 2048 1827 2083 Pemperle
1844 2047 1874 2075 in
1893 2048 1980 2076 Lews.

469 2090 502 2117 A.
516 2090 540 2117 d.
557 2090 634 2118 1503:
661 2090 710 2118 cfr.
723 2090 897 2117 Ckerubinus
915 2099 971 2118 sac.
985 2090 1041 2118 Sax
1060 2090 1249 2126 Radegnndis,
1274 2091 1322 2119 cfr.
1335 2090 1477 2118 Ethardus
1495 2099 1550 2118 sac.
1563 2090 1718 2126 Episcopus
1735 2091 1765 2118 in
1784 2091 1870 2124 news,
1896 2091 1946 2119 cfr.
1959 2091 2030 2119 Man·

366 2133 443 2159 tinus
461 2142 516 2160 sae.
530 2132 559 2159 iu
574 2133 660 2165 Lews,
679 2133 728 2160 cfr.
742 2133 882 2168 Agapitus
901 2133 920 2160 1.
933 2133 1071 2161 firmarius
1084 2133 1274 2170 Radegundis,
1293 2134 1342 2162 cfr.
1355 2134 1494 2162 Iohannes
1514 2134 1548 2162 de
1561 2134 1654 2163 Hoem
1666 2134 1685 2161 l.
1697 2134 1728 2161 in
1739 2134 1827 2168 Lews,
1846 2134 1895 2162 cfr.
1908 2134 2030 2163 Basilius

365 2184 421 2203 sac.
440 2175 470 2202 in
495 2175 686 2208 Lanckabicz,
715 2176 764 2203 cfr.
778 2176 952 2211 Augustinus
974 2186 1030 2204 sac.
1043 2177 1141 2204 Ruffus
1166 2178 1194 2204 in
1213 2178 1331 2210 Graecz,
1359 2178 1407 2205 cfr.
1421 2177 1596 2206 Ckerubinus
1618 2186 1674 2205 sac.
1688 2177 1881 2206 Tibitaenczel
1900 2177 2027 2211 Wienne,
2046 2186 2072 2207 4⁵

366 2219 415 2246 cfr.
427 2218 571 2252 seyfridus
591 2219 656 2246 cler.
674 2219 702 2246 in
722 2219 909 2252 Lanekabicz,
928 2220 978 2247 cfr.
991 2220 1094 2247 Paulus
1112 2229 1168 2248 sac.
1185 2220 1219 2248 de
1238 2220 1349 2253 Tullna,
1368 2220 1540 2248 sacristanus
1557 2220 1587 2247 in
1605 2219 1720 2253 Graecz,
1745 2220 1792 2248 cfr.
1807 2220 2029 2256 Dyonisiussac.

366 2262 500 2296 antiquus
521 2262 709 2297 Radegundis,
730 2262 778 2290 cfr.
793 2263 882 2290 Lucas
900 2263 919 2290 l.
933 2263 961 2290 in
974 2263 1100 2295 Fridaw,
1120 2264 1168 2291 cfr.
1182 2263 1347 2291 Walthasar
1364 2264 1383 2291 l.
1396 2263 1524 2292 Wienne.

469 2305 502 2332 A.
517 2305 542 2332 d.
556 2306 636 2334 1504:
661 2306 710 2333 cfr.
724 2306 854 2333 Erasmus
873 2315 928 2334 sac.
942 2315 1062 2341 magnus
1079 2307 1109 2334 in
1127 2307 1240 2340 Graecz,
1266 2307 1314 2335 cfr.
1328 2307 1447 2335 Iacobus
1464 2307 1483 2335 1.
1496 2307 1531 2335 de
1548 2306 1638 2335 Slesia
1655 2307 1686 2334 in
1703 2307 1792 2341 Lews,
1817 2307 1865 2335 cfr.
1878 2306 2030 2342 Dyonisins

367 2348 431 2376 cler.
449 2348 479 2375 in
497 2348 680 2381 Enczest-orff,
709 2350 758 2376 cfr.
771 2349 920 2384 Ciprianus
940 2350 1005 2378 cler.
1022 2359 1084 2377 nov.
1103 2350 1132 2377 in
1150 2351 1330 2386 Egenburga,
1359 2351 1407 2378 cfr.
1421 2350 1578 2378 Ludovicus
1596 2359 1651 2378 sac.
1668 2350 1802 2385 antiquus
1822 2350 1952 2384 Wienne,
1980 2351 2029 2379 cfr.

469 2445 492 2478 ⁸)
513 2445 574 2471 Cod.
613 2446 700 2472 Corn.-
722 2447 812 2472 vineis.
2047 2455 2074 2475 w

473 2515 492 2547 ¹)
517 2513 665 2541 Com-entus
682 2514 850 2541 Labacensis
873 2514 903 2540 in
922 2514 1053 2542 Carniola
1072 2515 1144 2542 circa
1162 2524 1188 2542 a.
1202 2519 1268 2542 1490
1285 2514 1408 2542 conditus
1426 2523 1480 2542 esse
1496 2515 1593 2548 fertur.
1699 2515 1721 2549 ²)
1741 2514 1882 2542 Genobium
1901 2515 2030 2550 Puppis:-

363 2564 467 2590 ⁸tyanam
485 2565 511 2584 a.
525 2561 593 2584 1477
610 2557 748 2584 conditum
765 2565 819 2584 esse
837 2560 948 2585 constat.
1039 2560 1060 2592 ⁸)
1082 2558 1240 2586 Claustmaem
1259 2559 1297 2585 ad
1307 2559 1334 2586 S.
1351 2558 1533 2586 Theobaldum
1551 2561 1576 2586 et
1588 2557 1814 2586 Bernhardinum
1825 2558 2030 2586 Vindobonense

366 2608 392 2626 α.
406 2604 468 2627 1455
486 2609 504 2626 α
517 2608 537 2627 s.
548 2601 670 2628 Iohanne
686 2601 848 2635 Capistrano
860 2600 1009 2635 fundatum
1028 2604 1074 2629 est.
1167 2603 1189 2635 ¹)
1210 2601 1353 2629 Cenobium
1365 2609 1386 2629 s.
1399 2602 1592 2629 Maximiliano
1603 2604 1627 2628 et
1638 2601 1872 2629 Bernhardino‘S.
1886 2601 2031 2636 Hippolyti

367 2642 523 2670 dedicatum
541 2652 567 2670 α.
585 2648 651 2671 1455
669 2653 687 2671 a
705 2652 726 2670 8.
739 2644 860 2671 Iohanne
874 2643 1034 2677 Capistrano
1051 2645 1111 2678 ipso
1129 2645 1278 2679 fundatum
1295 2647 1339 2672 est.
1429 2646 1450 2679 ι)
1469 2644 1620 2672 Conventus
1635 2644 1780 2672 &einez-vis
1797 2653 1824 2672 a.
1836 2647 1900 2672 1538
1917 2652 1936 2671 a
1951 2644 2030 2677 fram

368 2686 523 2713 Minon'bus
541 2686 661 2714 desertus
678 2690 722 2714 est.
830 2688 851 2720 ⁸)
874 2687 1015 2714 Genobium
1032 2696 1053 2715 ε.
1066 2688 1228 2715 Leonam-do
1246 2691 1323 2715 eaetra
1340 2696 1432 2715 muros
1450 2688 1567 2715 civitatis
1589 2687 1697 2715 Graevii
1718 2688 1749 2714 in
1766 2687 1861 2723 Styria
1878 2686 2029 2714 dedicatum
2047 2697 2074 2717 ss

366 2737 392 2755 a.
406 2732 473 2756 1463
485 2733 595 2756 vectam
609 2733 655 2757 est.
745 2732 766 2764 ⁷)
786 2730 944 2757 Glaustmm
956 2730 1190 2763 Katzelsdorsense
1201 2739 1221 2758 s.
1233 2731 1401 2766 Radequndi
1413 2730 1564 2758 dedicatum
1576 2739 1602 2758 a.
1612 2734 1676 2758 1462
1687 2731 1796 2757 initium
1807 2730 1903 2764 cepisse
1914 2733 2028 2758 constat.

367 2772 389 2804 ⁸)
410 2771 559 2799 Conventus
578 2773 808 2807 Indenburqensis
827 2774 990 2807 antiquitate
1008 2774 1126 2801 omnium
1140 2775 1247 2808 primus
1264 2777 1308 2802 est.
1349 2774 1520 2802 Obseruantia
1539 2783 1556 2801 a
1575 2782 1595 2801 s.
1609 2773 1729 2801 Iohanne
1748 2772 1951 2807 Capistranofl.
1966 2777 2030 2801 1455

366 2814 463 2842 ibidem
482 2816 637 2843 introducta
657 2819 702 2843 est.
