2150 3178
385 190 555 218 ANNALES
573 189 817 218 NECROLOGICI
835 189 991 217 PATRUM
1009 189 1323 218 PRAEDICATORUM
1341 189 1582 218 RETZENSIUM.
1752 193 1806 222 161

158 277 362 313 assumpcionis
379 276 579 312 gloriosissime
599 276 716 313 virginis
733 275 829 304 Mario.
866 276 889 303 A
908 284 963 310 quo
982 278 1076 304 autem
1096 278 1125 304 et
1142 285 1198 310 quo
1216 278 1342 311 tempore
1360 276 1390 303 id
1408 277 1514 303 factum
1532 276 1577 308 sit,
1603 277 1698 311 potest
1717 276 1814 311 colligi

157 323 187 349 et
211 320 276 349 elici
298 329 331 348 ex
350 319 439 347 veteri
456 319 661 355 martirologio,
684 319 712 346 in
731 328 786 354 quo
804 319 844 346 sic
863 319 1035 347 continetur:
1056 319 1098 346 ‘A.
1112 320 1137 346 d.
1152 320 1219 347 1312
1238 319 1281 347 ob.
1296 320 1322 347 d.
1336 328 1405 347 com.
1417 319 1602 347 Berchtoldus
1621 320 1655 347 de
1674 319 1813 352 Hardech,

157 364 290 391 fundator
312 365 466 391 conventus
492 364 520 390 ni
541 363 571 389 in
594 364 664 390 Retz
688 364 718 391 et
741 364 928 394 consumator,
957 362 1006 396 qui
1030 362 1086 390 fuit
1108 363 1240 390 oriundus
1263 371 1297 389 ex
1319 362 1477 398 Thuringia
1501 363 1535 390 de
1560 363 1678 390 comicia
1702 363 1814 391 nomine

159 406 367 434 Rabenswaldt.
407 406 461 433 Hic
483 406 556 433 rexit
578 405 695 440 pacifice
717 405 863 433 comiciam
885 405 919 433 de
938 405 1068 433 Hardeck
1086 405 1115 432 in
1133 406 1209 432 omni
1226 405 1341 433 iusticia.
1360 407 1389 433 et
1407 406 1535 440 equitate
1554 405 1815 434 commendabiliter

159 450 225 485 plus
242 458 327 484 quam
345 450 380 477 34
391 449 472 476 annis
491 458 552 476 cum
571 454 622 476 ux⁹
639 457 690 476 sua
708 449 741 475 d·
752 448 912 483 Wilbirge.’
941 448 999 476 Hec
1018 448 1067 475 ibi.
1096 449 1155 476 Hoc
1168 450 1284 476 notatur
1296 449 1416 483 septimo
1430 449 1550 484 Augusti
1569 451 1599 476 et
1610 451 1675 483 post
1687 449 1815 483 sequitur

158 493 201 520 27.
210 492 332 528 Augusti
349 493 402 520 hoc
419 492 512 519 modo:
530 492 573 519 Ἀ.
586 492 611 519 d.
627 492 695 519 1314
713 491 756 519 ob.
770 492 803 518 d·
815 497 892 519 com·
903 491 1053 527 wilbirgis
1070 491 1216 519 fundatrix
1234 494 1388 519 conventus
1407 492 1434 518 ni
1448 494 1477 520 et
1490 492 1572 519 comis
1585 492 1748 519 Berchtoldi
1760 502 1814 525 ux„

119 569 122 572 Δ
158 535 205 563 1110
223 535 306 562 simul
325 535 420 570 agitur
437 535 542 562 anniv.²
577 534 635 562 Hec
659 534 700 562 ibi
718 536 830 562 tantum
848 536 877 562 et
895 543 950 562 non
968 535 1032 569 plus
1050 535 1183 568 habetur,
1209 535 1276 569 quia
1294 544 1319 562 a.
1332 536 1358 562 d.
1374 535 1440 563 1425
1459 535 1488 562 in
1507 535 1607 570 vigilia
1626 545 1645 562 s.
1659 535 1814 563 Katherine

114 674 140 694 10

114 892 139 911 15

114 1322 139 1342 85

115 1537 141 1558 ³0

115 1752 140 1773 85

114 1969 142 1989 40

116 2185 141 2205 45

119 2451 145 2471 50

118 2743 143 2763 5⁶

158 578 275 614 virginis
293 581 323 606 et
340 578 471 613 martyris
489 580 604 613 regente
622 578 655 605 d⁰
673 578 796 613 glorioso
814 578 847 604 d⁰
865 578 989 605 Iohanne
1008 578 1041 606 de
1060 578 1247 613 Maydvvurgk
1267 580 1402 606 venerunt
1420 578 1550 606 Hussite.
1572 587 1688 612 quorum
1707 578 1815 613 capita-

158 631 227 649 neus
245 622 398 656 dampnate
415 621 546 649 memorie
564 621 620 648 fuit
639 621 770 654 Tziska·)
788 623 818 648 et
836 621 996 655 Procopius,
1015 629 1092 648 rasus
1109 623 1203 648 mente
1223 623 1252 648 et
1271 630 1386 656 corpore
1405 630 1493 649 cecus.
1530 621 1578 648 Hii
1597 621 1815 649 devastaverunt

157 665 304 693 civitatem
317 666 347 692 et
359 665 557 692 monasterium
569 665 761 700 spoliaverunt
774 666 803 691 et
814 664 1050 696 incineraverunt,
1069 669 1114 699 p⁹⁸
1126 666 1155 692 et
1167 665 1218 692 fr⁰⁸
1231 665 1401 697 occiderunt,
1420 664 1556 692 seniorem
1575 670 1631 699 pem
1649 665 1678 691 in
1699 666 1815 699 puteum

159 710 312 736 conventus
333 708 524 743 proiecerunt,
549 707 679 735 clenodia
700 709 730 735 et
747 707 857 735 litteras
874 707 1071 735 fundationum
1089 708 1278 740 abstulerunt,
1304 708 1393 736 eciam
1414 709 1494 735 vetus
1512 707 1755 742 martyrologium,
1781 708 1815 735 de

159 760 214 786 quo
232 761 317 786 supra
333 751 448 782 mentio,
467 750 541 785 quod
559 751 709 778 reallatum
728 752 771 778 est
789 759 814 778 a.
829 751 854 778 d.
868 751 936 778 1498
953 750 983 777 in
1001 751 1140 778 dominica
1158 751 1355 779 Reminiscere.

262 795 330 822 Post
350 797 468 822 mortem
492 793 619 828 generosi
644 794 727 821 comi⁸
754 794 788 822 de
810 794 940 821 Hardeck
966 793 1076 821 oriundi
1101 794 1134 822 de
1160 794 1329 829 Thuringia,
1357 794 1513 822 fundatoris
1540 795 1621 822 istius
1644 794 1815 827 monasterii,

157 838 272 874 gloriosi
291 843 377 865 com⁰³
396 838 430 864 de
448 837 634 872 Maydwurgk
652 836 818 871 imperfecta
836 839 1064 865 restauraverunt
1086 839 1115 865 et
1133 837 1234 865 fundos
1253 838 1472 869 contribuerunt,
1498 838 1550 865 sub
1568 838 1669 865 ultimo
1688 843 1762 865 com‘³
1781 838 1816 865 de

157 881 351 916 Maydwurgk‚
370 880 502 907 videlicet
521 885 595 908 come
609 879 756 913 Michaele,
775 879 931 914 supradicti
944 881 1026 907 00111ὴ
1036 881 1169 908 Iohannis
1181 881 1248 911 filio,
1267 881 1388 908 adduete
1401 883 1467 908 sunt
1481 881 1604 916 preciose
1619 883 1648 909 et
1660 887 1686 907 ειθ
1697 881 1816 915 reliquie

158 925 230 952 alme
253 923 370 960 virginis
393 925 423 951 et
444 923 576 958 martyris
599 923 719 951 Cristine
742 923 779 950 ad
800 923 854 951 1100
875 923 1083 951 monasterium.
1129 924 1180 951 Ob.
1198 925 1293 951 autem
1316 924 1481 959 magnificus
1504 925 1529 952 d.
1548 924 1670 952 Michael
1693 933 1762 952 com.
1782 933 1816 952 ex

157 967 296 998 Hardeck,
315 967 430 994 ultimus
448 966 531 994 huius
550 966 670 994 nominis
688 975 722 993 ex
741 966 854 993 comibus
872 966 907 994 de
919 967 1112 1002 Maydwurgk,
1131 967 1259 1002 sepultus
1278 967 1307 994 in
1328 968 1412 995 choro
1429 969 1493 994 frum
1511 968 1616 995 ordinis
1635 969 1655 994 si
1666 968 1816 1003 Augustini

158 1011 187 1038 in
199 1010 328 1043 Wienna,
347 1019 372 1038 a.
386 1010 411 1037 d.
425 1010 500 1042 1483,
520 1010 567 1037 IX.
580 1009 638 1037 kal.
651 1009 764 1044 Aprilis.

261 1053 362 1081 Anniv.
375 1052 586 1088 magnificorum
603 1054 633 1080 et
649 1053 771 1079 illmorum
788 1053 872 1079 dotum
886 1058 986 1080 comum
1005 1053 1039 1080 de
1051 1053 1246 1089 Maydwurgk.
1266 1054 1445 1082 fundatorum
1464 1055 1490 1081 11.
1505 1063 1536 1086 0.,
1555 1063 1665 1089 semper
1682 1063 1816 1089 peragen-

158 1097 224 1125 dum
242 1097 272 1124 in
290 1097 335 1124 die
353 1102 380 1123 s⁰
391 1097 515 1124 Barbare
534 1095 652 1131 virginis
670 1098 699 1123 et
716 1096 848 1123 martiris.

263 1139 500 1174 ¹²)Consequenter
517 1139 705 1166 subnotantur
723 1138 836 1166 nomina
854 1145 913 1174 p'1¹¹¹
931 1141 960 1167 et
978 1139 1041 1166 frum
1060 1141 1090 1167 et
1101 1140 1275 1174 quorundam
1294 1141 1503 1168 benefactorum
1522 1141 1548 1167 h.
1563 1150 1594 1173 c.,
1614 1141 1663 1175 qui
1681 1143 1747 1169 ante
1766 1150 1816 1169 nos

158 1184 347 1216 decesserunt,
371 1191 488 1217 quorum
506 1182 649 1217 quottatio
668 1191 802 1209 annorum
820 1182 921 1210 salutis
939 1182 1094 1218 ignoratur.
1131 1183 1189 1211 Nos
1206 1192 1272 1211 vero
1291 1184 1321 1210 in
1340 1192 1434 1211 eorum
1452 1185 1563 1212 labores
1582 1185 1761 1219 intravimus,
1787 1187 1817 1213 et

157 1226 303 1262 gratitudo
322 1235 388 1254 vera
406 1226 503 1261 exigit,
522 1228 554 1253 ut
571 1234 665 1253 eorum
682 1225 822 1253 salubrem
840 1226 1002 1253 memoriam
1021 1226 1183 1254 habeamus.
1219 1227 1278 1254 Hoc
1297 1226 1338 1254 eis
1357 1227 1433 1255 cedit
1452 1228 1480 1254 in
1493 1228 1677 1262 refrigerium,
1696 1228 1817 1263 denique

158 1269 320 1297 viventibus
344 1269 408 1296 inde
432 1269 576 1303 consurgit
597 1268 720 1304 gloriosa
743 1269 874 1304 probatio
898 1271 962 1304 post
985 1278 1076 1304 spem,
1101 1279 1186 1304 quam
1210 1270 1329 1302 habent,
1355 1271 1422 1305 quia
1445 1273 1509 1306 post
1527 1273 1645 1299 mortem
1664 1280 1758 1300 eorum
1777 1271 1816 1299 sic

158 1313 198 1341 eis
215 1313 264 1340 fiet
282 1321 299 1339 a
317 1311 525 1347 superstitibus,
543 1311 618 1339 sicut
634 1312 690 1346 ipsi
703 1312 760 1339 suis
773 1309 1014 1347 predecessoribus
1026 1312 1144 1345 faciunt,
1163 1313 1274 1341 dicente
1287 1313 1397 1341 ChrIsto
1410 1315 1497 1341 Marci
1510 1316 1643 1349 quart0*:
1662 1315 1729 1349 ‘qua
1740 1324 1815 1342 men-

159 1365 223 1383 sura
241 1355 329 1383 mensi
346 1355 470 1387 fueritis,
493 1355 658 1382 remetietur
675 1355 756 1382 vobis
774 1357 803 1382 et
820 1355 961 1382 adicietur
979 1355 1075 1383 vobis’.
1116 1356 1246 1391 Requirit
1263 1365 1329 1392 ergo
1348 1359 1410 1390 ute)
1430 1366 1510 1385 verus
1528 1358 1602 1390 ordo,
1623 1358 1657 1386 de
1674 1358 1815 1393 prioribus

157 1399 234 1435 prior
256 1399 307 1426 fiat
327 1398 443 1426 mentio.
486 1398 551 1426 Ideo
569 1398 698 1433 inprimis
716 1398 926 1426 subscribentur
943 1398 1056 1426 nomina
1075 1398 1211 1433 priorum,
1237 1399 1285 1433 qui
1304 1400 1416 1428 fuerunt
1435 1400 1519 1435 primi
1538 1404 1665 1436 regentes
1672 1402 1697 1436 d)
1714 1403 1744 1429 in
1762 1402 1815 1430 11οο

157 1442 328 1470 monasterio
346 1443 376 1469 et
394 1441 474 1475 quasi
492 1441 662 1469 fundatores.

261 1485 312 1512 Ob.
325 1494 381 1513 rev.
394 1494 422 1520 p.
434 1485 467 1512 fr.
480 1485 603 1512 Thomas
620 1485 713 1512 dictus
731 1483 890 1519 Schurliug,
909 1484 986 1520 prior
1004 1485 1030 1511 h.
1044 1494 1075 1517 c.,
1094 1485 1128 1512 V.
1141 1494 1205 1513 non.
1218 1485 1300 1520 hals)
1318 1486 1454 1515 Octobris.

262 1528 314 1556 Ob.
326 1537 383 1556 rev.
396 1537 423 1563 p.
437 1529 469 1555 fr.
483 1527 647 1555 Cristannus
666 1527 700 1555 de
718 1527 858 1560 Sobataw,
877 1528 953 1562 prior
971 1530 1000 1555 et
1018 1528 1107 1556 lector
1124 1529 1152 1555 h.
1165 1537 1197 1561 c.‚
1216 1529 1263 1556 IV.
1277 1538 1339 1556 non.
1352 1530 1429 1558 Maii.

265 1572 316 1599 Ob.
329 1581 356 1606 p.
369 1572 401 1599 fr.
414 1571 536 1598 Thomas
554 1571 672 1606 Krigler,
691 1571 767 1605 prior
784 1571 840 1604 hic,
858 1570 934 1598 XIII.
947 1571 1003 1598 kal.
1016 1571 1185 1599 Decembris

264 1615 316 1642 Ob.
329 1615 360 1642 fr.
375 1615 492 1642 Iacobus
510 1614 544 1641 de
563 1614 663 1646 Pulka,
682 1614 821 1648 quondam
840 1614 916 1648 prior
934 1617 963 1642 et
980 1624 1103 1642 summus
1121 1623 1182 1650 cap.
1196 1615 1225 1642 in
1244 1616 1354 1648 Graetz,
1374 1616 1420 1643 XI.
1434 1616 1490 1644 kal.
1504 1617 1607 1646 Martii.

263 1658 314 1686 Ob.
326 1667 383 1686 rev.
397 1667 423 1692 p.
437 1659 468 1684 fr.
482 1658 558 1690 Otto,
576 1658 653 1692 prior
671 1658 776 1689 domus,
787 1659 879 1685 natus
897 1666 931 1684 ex
952 1658 1155 1690 Leubensdorff,
1173 1656 1222 1686 Vr.
1235 1659 1293 1686 kal.
1305 1659 1383 1687 Maii.

263 1701 315 1729 Ob.
327 1702 377 1728 frffl¹
396 1701 543 1728 Udalricus
561 1710 602 1728 cv.
616 1702 646 1728 et
663 1701 696 1728 fr.
709 1700 844 1728 Nicolaus
863 1701 897 1728 de
916 1701 948 1727 S0
961 1701 1098 1735 Hypolito
1117 1710 1173 1728 sac.
1185 1701 1266 1729 nonis
1285 1702 1416 1730 Ianuarii.

262 1744 313 1772 Ob.
326 1745 358 1772 fr.
372 1744 494 1771 Michael
512 1753 553 1771 cv.
567 1744 614 1771 V1.
627 1743 664 1771 id.
678 1743 810 1771 Ianuarii.

262 1787 313 1815 Ob.
325 1788 358 1814 fr.
370 1787 543 1815 Hermannus
560 1796 615 1814 sac.
629 1787 676 1814 IV.
689 1787 726 1814 id.
740 1787 871 1814 Ianuarii.

262 1831 313 1858 Ob.
325 1831 358 1858 fr.
371 1830 529 1863 Hainricus‚
549 1830 661 1858 villicus
679 1831 713 1857 de
731 1829 927 1863 Pusslendorff,
945 1831 1034 1859 XVII.
1047 1832 1103 1859 kal.
1117 1831 1274 1866 Februarii,
1293 1832 1339 1860 1110
1359 1832 1495 1867 sepultus,

262 1874 313 1901 Ob.
325 1874 358 1900 fr.
372 1873 556 1901 Tzendelinus
573 1883 628 1902 sao.
641 1874 671 1901 in
689 1874 735 1902 die
753 1874 775 1901 εἰ
789 1874 906 1910 Ignacii.

263 1917 313 1944 Ob.
326 1917 359 1944 fr.
371 1917 504 1950 Andreas,
524 1917 558 1944 de
577 1917 694 1945 civitate
713 1926 777 1949 sac„
796 1918 844 1945 IV.
857 1926 920 1945 non.
933 1918 1086 1950 Februarii,
1106 1918 1135 1945 in
1154 1918 1199 1946 die
1219 1918 1426 1953 purificacionis
1445 1920 1472 1947 b.
1486 1919 1582 1947 Marie.

263 1960 314 1988 Ob.
328 1961 361 1988 fr.
375 1960 496 1988 Thomas
515 1961 549 1988 de
567 1961 728 1995 Neuwurga
746 1970 802 1988 sac.
815 1962 865 1988 III.
878 1970 941 1988 non.
955 1961 1107 1994 Februarii,
1126 1961 1155 1988 in
1174 1961 1220 1989 die
1238 1962 1259 1988 si
1271 1962 1361 1989 Blasii
1380 1962 1519 1996 martyris.

264 2003 314 2031 Ob.
326 2004 359 2031 fr.
373 2003 544 2031 Hilbrandus
562 2012 618 2031 sac.
630 2003 664 2031 V.
677 2004 714 2031 id.
728 2003 879 2031 Februarii.

263 2047 314 2075 Ob.
327 2047 360 2074 fr.
373 2046 508 2081 Georgius
526 2047 561 2074 de
580 2048 672 2074 Anaso
690 2055 745 2074 sac.
757 2047 834 2074 VIII.
847 2047 903 2074 kal.
917 2047 1023 2075 Martii.

263 2090 314 2118 Ob.
327 2090 359 2117 fr.
373 2090 510 2117 Iohannes
528 2090 563 2117 de
581 2089 665 2117 Curia
682 2098 737 2116 sac.
750 2090 785 2117 11.
797 2089 835 2117 id.
848 2090 955 2117 Martii.

263 2132 314 2160 Ob.
327 2133 358 2159 fr.
373 2132 513 2160 Steffanus
531 2141 573 2160 cv.
586 2132 661 2159 XIII.
674 2133 732 2160 kal.
745 2132 859 2167 Aprilis.

264 2176 316 2204 Ob.
328 2175 361 2203 fr.
374 2176 516 2203 Conradus
534 2176 568 2203 de
587 2175 730 2210 Tznoyma
747 2178 803 2203 sac.
815 2176 877 2202 XII.
890 2175 947 2203 kal.
961 2175 1076 2211 Aprilis.

262 2271 283 2305 f)
290 2270 426 2298 Secuntur
444 2270 558 2298 nomina
576 2276 634 2305 pum
653 2272 682 2298 et
699 2270 763 2297 stum
782 2270 809 2298 h.
823 2279 845 2298 c.
858 2279 965 2298 necnon
984 2271 1013 2298 et
1027 2269 1219 2304 quottationes
1234 2270 1341 2298 dierum
1359 2273 1388 2298 et
1400 2280 1543 2304 annorum,
1562 2271 1591 2299 in
1605 2272 1706 2306 quibus
1719 2272 1817 2300 diebus

159 2316 190 2342 et
207 2313 288 2342 anuis
305 2314 491 2341 decesserunt.

263 2357 295 2384 A.
309 2357 335 2384 d.
349 2356 416 2384 1309
434 2356 478 2383 ob.
491 2365 547 2384 rev.
561 2365 588 2390 p.
601 2356 633 2384 fr.
647 2355 794 2382 Hainricus
813 2355 848 2383 de
866 2355 1028 2390 Neuburga,
1046 2355 1154 2390 primus
1172 2355 1249 2390 prior
1267 2358 1422 2383 conventus
1435 2356 1580 2384 Retzensis
1598 2359 1663 2392 post
1679 2358 1816 2392 receptio-

160 2408 223 2427 nem
246 2399 302 2427 loci
320 2408 338 2426 a
355 2399 531 2434 principibus
550 2400 635 2433 atque
653 2398 726 2426 sacri
744 2397 856 2433 imperii
874 2397 1108 2433 burgicomitibus
1126 2398 1156 2425 in
1174 2398 1353 2434 Maydburgk
1372 2401 1401 2427 et
1420 2400 1533 2427 com⁵b¹¹⁸
1552 2400 1582 2427 in
1601 2400 1742 2434 Hardeck‚
1767 2401 1817 2436 qui

162 2444 329 2471 conventum
346 2442 422 2470 hunc
440 2441 571 2470 fundavit
588 2441 646 2469 suis
663 2441 806 2476 impensis,
824 2444 889 2476 post
896 2442 921 2475 Β)
940 2441 1064 2468 omnium
1082 2446 1169 2469 s⁰r¹¹¹¹¹.

262 2486 296 2514 A.
306 2486 331 2513 d.
343 2486 410 2513 1327
423 2486 466 2513 ob.
479 2494 536 2513 rev.
550 2494 576 2520 p.
590 2485 622 2512 fr.
634 2484 782 2512 Hainricus
799 2484 834 2512 de
846 2485 942 2518 Retza,
960 2484 1037 2519 prior
1054 2485 1084 2512 et
1101 2484 1182 2519 quasi
1201 2484 1337 2512 secundus
1356 2484 1487 2512 fundator
1505 2487 1564 2512 tam
1577 2485 1606 2512 in
1619 2486 1816 2521 spiritualibus

162 2537 246 2563 quam
267 2528 298 2556 in
320 2528 531 2563 temporalibus.
574 2528 626 2555 Hic
648 2527 704 2554 fuit
727 2527 862 2555 diffinitur
884 2527 1072 2562 capitulorum
1095 2527 1268 2563 generalium
1287 2529 1316 2555 et
1334 2527 1561 2562 provincialium,
1587 2529 1677 2556 lector
1694 2531 1723 2557 et
1741 2530 1818 2564 prior

161 2571 267 2607 pluries
285 2571 441 2605 inVienna,
460 2571 513 2599 vic.
526 2571 650 2599 nationis
668 2579 718 2605 per
736 2571 831 2598 decem
850 2579 936 2598 annos
954 2572 984 2598 et
997 2570 1048 2598 vic.
1061 2570 1200 2606 generalis
1213 2570 1359 2605 provincie
1371 2570 1540 2606 Hungarice.
1577 2571 1629 2600 Ob.
1641 2574 1735 2600 autem
1750 2574 1817 2600 ante

161 2614 342 2642 nativitatem
360 2614 456 2642 Mario.

265 2735 290 2769 ⁸)
309 2736 429 2769 Sequitur
454 2737 524 2762 locus
545 2745 630 2762 rasus.
742 2734 767 2769 ιἲ)
787 2735 926 2769 Sequentia
950 2736 1037 2762 omnia
1062 2745 1140 2769 usque
1167 2737 1204 2762 ad
1229 2737 1305 2770 quasi
1330 2737 1478 2762 fundatores
1506 2735 1535 2768 (l.
1552 2736 1598 2769 28)
1626 2737 1711 2762 colore
1737 2737 1816 2763 rubro

162 2779 259 2812 σον-ἱρέα
276 2784 343 2805 mu.
438 2779 462 2812 0)
482 2779 598 2813 Oorriqe:
615 2788 692 2806 verus
711 2780 780 2812 ordo,
798 2783 835 2805 ut.
932 2778 957 2812 ὖ)
976 2779 1098 2813 Sequitur
1115 2780 1239 2806 deletum:
1257 2781 1371 2806 fuerunt.
1469 2778 1493 2813 θ)
1512 2779 1556 2805 Sic
1573 2778 1666 2812 (nonas
1680 2779 1816 2812 kalendas)

162 2823 259 2848 tabula.
270 2841 283 2849 .
362 2821 382 2855 s)
402 2822 539 2855 Sequentia
556 2831 634 2856 usque
651 2824 727 2849 annis
745 2824 908 2849 decesserunt
926 2823 1011 2850 colore
1028 2824 1108 2850 rubro
1125 2824 1230 2856 ncripta.
1334 2823 1361 2856 8)
1381 2822 1487 2856 Suppl..·
1504 2824 1607 2849 festum.

266 2872 350 2900 Neon.
363 2872 470 2901 PArAv.
1576 2874 1609 2900 21

1836 1322 1848 1333 ⁴*
1856 1327 1876 1342 v.
1886 1323 1920 1342 24.
