2150 3178
675 179 942 208 NECROLOGIUM
960 177 1296 207 MARIAECELLENSE.
1753 182 1767 210 4
1774 181 1813 212 37

158 274 201 301 14.
284 274 319 300 ΙΙ.
332 273 368 300 id.
421 269 564 300 Albero
587 268 721 310 VIII.·¹)
754 267 838 299 abb.
861 277 891 297 n.
915 266 972 307 οὲ)
1026 264 1200 296 Ortlibus
1229 264 1306 306 pbr.
1362 265 1552 296 Leonardus
1587 266 1674 307 prior
1707 267 1816 298 Maur—

469 321 625 352 bacensis.
661 320 784 361 Caspai·
800 329 847 350 cv.
864 318 904 350 de
920 317 1048 349 Melieo.
1082 316 1239 348 Martinus
1255 316 1325 358 pbr.
1339 320 1372 348 et
1388 327 1429 348 m.
1447 317 1487 348 de
1504 316 1537 348 S.
1551 316 1665 349 cruce.
1699 318 1818 351 Petrus

469 373 538 415 pbr.
557 375 589 404 et
611 383 654 403 m.
671 372 711 404 (16
734 371 928 413 Tegernsee.

158 429 201 456 15.
242 401 246 404 ῃ
337 429 375 455 id.
419 423 597 466 Eglolfus
620 422 736 465 abb.²)
782 421 851 465 [Fr.
869 420 1086 462 Stephanus
1110 420 1215 460 prior
1237 419 1347 450 monii
1371 419 1570 452 Scotorum
1588 420 1768 465 Wienne.]

160 481 201 508 16.
235 479 323 506 XVII.
336 479 393 507 kal.
416 475 610 507 Arnoldus
634 475 733 516 pleb.
780 473 962 516 [Barbara
985 470 1351 514 Mitterndorfferin]
1375 475 1408 503 et
1430 472 1499 514 fr.¹’)
1521 496 1528 503 .
1552 498 1557 504 .
1581 498 1587 504 .
1611 498 1617 504 .
1639 473 1708 515 pbr.
1726 477 1759 506 et
1774 485 1816 506 m.

468 527 551 568 prof.
567 527 600 558 in
623 525 825 567 Gottwico.¹’)
851 550 857 556 .
883 550 889 556 .
914 550 921 556 .
947 550 953 556 .
978 535 1025 555 cv.
1050 523 1090 555 de
1115 523 1306 555 Tiernstain.
1353 529 1396 556 Fr.
1413 529 1557 556 Conradus
1577 530 1638 564 pbr.
1654 531 1688 558 de
1706 531 1817 558 Melico.

117 572 120 574 Ὗ
160 583 202 611 17.
248 583 393 610 XVl.kal.
417 579 637 621 Wolfgerus
660 588 713 609 cv.
730 589 760 608 n.
777 588 804 609 c.
849 575 1046 608 Wilandus
1069 574 1110 606 fr.
1127 586 1158 606 n.
1175 585 1201 606 6.
1247 574 1284 606 P.
1302 575 1469 607 Conradus
1497 576 1537 607 de
1560 576 1690 609 Mellico
1719 581 1752 609 et
1780 578 1817 609 fr.

469 631 610 662 Lazarus
633 629 714 672 prof.
731 630 764 660 in
786 628 971 670 Neuburga.
1016 627 1069 659 Fr.
1085 626 1233 659 Andreas
1256 626 1325 668 pbr.
1343 630 1376 658 et
1398 637 1440 658 m.
1458 627 1498 659 de
1515 627 1689 660 Lambaco.
1735 629 1818 660 Mel-

470 682 559 714 chior
582 681 652 723 pbr.
670 685 703 713 et
725 692 767 712 m.
785 680 825 713 de
849 681 1044 723 Tegernsee.
1090 683 1220 710 Urbanus
1241 683 1298 710 mil.
1315 683 1349 710 (16
1365 683 1541 718 Parschperg
1561 684 1595 711 (16
1614 684 1723 711 familia
1739 681 1821 712 revmi

471 734 569 760 Patav.
606 732 721 766 Egidius
740 732 799 766 pbr.
812 734 840 758 et
856 741 892 758 m.
905 731 940 757 de
958 730 1106 758 Lambaco.

161 781 202 809 18.
263 782 322 811 XV.
335 782 394 809 kal.
418 776 642 809 Herrandus
665 776 743 818 pbr.
760 787 790 807 n.
807 786 833 807 c.
871 772 1025 807 Ul'ricus
1047 774 1126 815 pbr.
1165 772 1309 816 [Puppo
1327 773 1489 804 scolaris
1514 777 1550 804 et
1569 774 1609 805 fr.
1627 774 1820 807 Iohannes

471 839 525 860 cv.
543 828 586 860 de
611 826 856 870 Tegernsee.]

161 884 202 913 19.
250 884 325 911 XIV.
338 884 395 911 kal.
419 880 648 922 Dyetmarus
671 879 712 911 fr.
730 890 759 911 n.
778 890 804 910 c.
850 879 991 910 Michael
1007 878 1076 920 pbr.
1094 880 1127 909 et
1144 888 1186 909 m.
1204 877 1245 909 de
1262 877 1457 918 Tegernsee.
1503 877 1556 909 Fr.
1571 877 1732 920 Georgius
1748 879 1819 920 pbr.

470 932 552 973 prof.
568 932 601 962 in
623 931 809 973 Newburga
832 930 1004 962 claustrali
1027 933 1061 961 et
1082 929 1120 960 fr.
1137 929 1299 971 Georgius
1322 929 1392 970 pbr.
1410 932 1443 960 et
1466 940 1507 961 m.
1525 930 1557 960 in
1580 930 1761 972 Farnpach.

160 986 203 1014 20.
249 986 394 1014 X111.ka1.
418 983 653 1015 Walchunus
676 983 754 1024 pbr.
771 993 801 1014 n.
819 993 845 1014 c.
884 981 1114 1023 Lewpoldus
1130 980 1149 1012 l.
1188 980 1331 1012 Paulus
1354 981 1533 1023 subdyac.
1549 993 1580 1013 n.
1599 992 1625 1014 c.
1666 982 1820 1025 [Pilgri-

469 1046 540 1066 nus
568 1035 590 1066 l.
620 1034 665 1066 de
695 1033 808 1076 Pira.]
863 1033 992 1065 Martha
1020 1032 1238 1074 Karlingerin.
1293 1033 1333 1064 D.
1358 1033 1507 1065 Andreas
1541 1045 1632 1076 ppos.
1661 1034 1755 1066 monii
1788 1036 1821 1067 in

471 1086 696 1128 Tirnnstain.³)

160 1142 202 1171 21.
267 1142 326 1169 XII.
340 1143 396 1169 kal.
420 1138 641 1170 Lewtoldus
670 1137 747 1179 pbr.
770 1149 800 1169 n.
821 1147 848 1168 6.
900 1137 1115 1169 Benedicta
1142 1137 1181 1168 l‘.
1233 1142 1262 1168 Ρ.
1285 1141 1445 1168 Rudbertus
1473 1141 1568 1169 senior
1590 1143 1651 1177 pbr.
1672 1145 1702 1170 et
1728 1153 1764 1170 m.
1785 1145 1820 1172 (16

473 1189 722 1217 Krembsmunster.

161 1237 203 1265 22.
282 1238 397 1265 XLkal.
420 1233 625 1265 Hainricus
649 1232 690 1264 fr.
707 1243 737 1264 6.
755 1243 783 1263 6.
826 1231 1033 1274 Pilgrimus
1057 1231 1155 1273 pleb.
1201 1231 1252 1263 Fr.
1270 1231 1432 1262 Iohannes
1460 1231 1499 1263 de
1521 1231 1720 1275 Wolfgango
1750 1234 1819 1275 pbr.

474 1288 507 1316 et
529 1296 571 1316 m.
588 1284 669 1326 prof.
687 1284 728 1316 ad
752 1283 876 1315 Scotos.

297 1341 330 1368 X.
341 1341 398 1368 kal.
420 1336 652 1378 Mangoldus
675 1336 695 1368 l.

280 1393 326 1420 IX.
339 1393 397 1420 kal.
419 1388 677 1430 Engelbertus
698 1387 720 1420 l.
766 1387 975 1420 Christannus
992 1387 1033 1419 de
1048 1387 1273 1429 Weingarten.
1319 1386 1481 1418 Iohannes
1498 1387 1570 1418 abb.
1589 1387 1629 1420 de
1645 1388 1820 1421 Lambaco.

472 1440 525 1471 Fr.
542 1439 704 1471 Iohannes
727 1439 767 1470 de
792 1438 926 1481 Septem
950 1439 1071 1471 Castris
1094 1438 1165 1480 pbr.
1182 1442 1215 1470 et
1237 1449 1279 1470 m.
1297 1450 1326 1469 n.
1344 1449 1371 1470 c.

161 1495 205 1524 25.
252 1495 327 1522 V111.
342 1495 399 1523 kal.
422 1491 667 1523 Wolfhardus
690 1501 741 1523 cv.
759 1502 788 1522 n.
806 1502 832 1523 c.
878 1490 1071 1533 Pergerus
1094 1490 1174 1532 pbr.
1199 1493 1233 1522 et
1255 1491 1292 1522 fr.
1310 1489 1429 1532 Symon
1453 1491 1522 1533 pbr.
1542 1495 1575 1523 et
1597 1501 1639 1523 m.
1663 1492 1703 1523 de
1728 1492 1820 1524 Tirn—

472 1544 565 1575 stain.
610 1543 662 1574 Fr.
680 1543 889 1575 Theobaldus
905 1543 946 1574 (16
962 1543 1146 1574 Emerstorf
1158 1542 1227 1584 pbr.
1245 1546 1279 1574 et
1293 1553 1335 1574 m.
1353 1543 1384 1573 in
1400 1543 1540 1574 Mellico.
1586 1543 1735 1575 Allexius
1751 1555 1820 1576 can.

472 1597 504 1627 in
527 1595 722 1638 Newburga.

161 1651 205 1678 26.
269 1650 327 1678 VII.
341 1651 396 1677 kal.
420 1647 560 1678 Petrus
583 1647 624 1679 fr.
641 1658 670 1678 n.
688 1658 714 1678 c.
733 1647 972 1688 devaenna.
1018 1646 1225 1688 Margaretha
1253 1646 1316 1678 m¹³⁸
1344 1645 1386 1677 de
1413 1646 1590 1687 Neuburga
1619 1650 1653 1679 et
1679 1647 1742 1679 due
1770 1654 1822 1680 cv⁹

472 1699 512 1731 de
537 1699 652 1731 eodem
675 1699 774 1731 moni⁰
797 1703 830 1731 et
854 1699 891 1731 fr.
908 1699 1047 1731 Michael
1065 1699 1140 1730 cler.
1158 1702 1191 1730 et
1206 1709 1248 1730 m.
1266 1698 1347 1740 prof.
1364 1709 1394 1730 n.
1411 1709 1437 1730 c.
1484 1698 1536 1730 Fr.
1554 1699 1753 1741 Augustinus
1772 1711 1820 1732 cv.

474 1751 515 1782 de
538 1751 697 1794 Melico.⁰)

279 1807 326 1834 VI.
340 1807 397 1834 kal.
423 1802 646 1834 Ghunradus
670 1803 749 1845 pbr.
767 1814 797 1834 n.
814 1813 841 1835 c.
888 1803 1112 1835 Ohunradus
1134 1803 1155 1834 l.
1200 1802 1241 1834 D.
1259 1802 1419 1834 Iohannes
1443 1812 1511 1834 can.
1530 1802 1571 1834 de
1594 1803 1788 1845 Ncwburga.

293 1858 328 1886 V.
340 1859 398 1886 kal.
420 1853 605 1886 Ekkhard
614 1865 653 1886 us
676 1854 754 1896 pbr.
772 1865 801 1886 n.
820 1865 846 1886 c.
891 1854 1032 1886 Michael
1055 1855 1162 1886 senior
1184 1854 1255 1896 pbr.
1273 1857 1307 1885 et
1327 1864 1370 1885 m.
1388 1865 1417 1884 n.
1435 1864 1461 1885 c.

161 1341 204 1420 332

282 1910 329 1938 IV.
342 1911 398 1938 kal.
422 1906 595 1938 Andreas
617 1907 659 1938 fr.
677 1918 706 1938 n.
724 1917 751 1939 c.
797 1906 866 1949 [Fr.
883 1906 1067 1938 Placidus
1089 1906 1168 1948 pbr.
1185 1910 1222 1937 et
1245 1917 1286 1937 m.
1305 1906 1350 1937 (16
1374 1904 1569 1948 Gotwico.]

281 1963 328 1989 111.
342 1963 399 1989 kal.
423 1957 515 1990 Otto
538 1958 580 1990 fr.
597 1969 626 1990 n.
644 1969 670 1990 6,
717 1957 940 1990 Ghunradus
963 1959 983 1990 l.
1030 1958 1095 1989 Ob.
1112 1958 1332 1989 Waltherus
1356 1957 1596 1988 scolasticus.
1648 1957 1701 1989 Fr.
1718 1957 1821 1990 Eber-

472 2010 592 2041 hardus
615 2010 685 2052 pbr.
703 2010 744 2042 de
767 2009 800 2041 S.
817 2010 993 2042 Dorothea.
1041 2015 1085 2041 Fr.
1102 2015 1234 2042 Matheus
1257 2014 1335 2049 prior
1358 2009 1442 2040 monii
1458 2013 1731 2041 Krembsmuenster.
1778 2015 1821 2042 Fr.

475 2061 611 2088 Melchior
628 2063 658 2089 et
676 2061 708 2088 fr.
721 2061 929 2096 Wollffgangus
947 2061 1016 2095 prof.
1030 2061 1057 2087 in
1074 2061 1270 2095 Tyernnstain,
1290 2061 1360 2094 pbri.
1397 2060 1439 2087 Fr.
1453 2059 1536 2087 Vitus
1556 2060 1692 2088 Kloekhel
1713 2061 1772 2095 pbr.
1788 2070 1821 2088 ac

472 2104 541 2138 prof.
555 2104 584 2131 in
602 2104 766 2139 Tegrensee.

162 2151 207 2179 31.
295 2153 329 2179 11.
342 2153 399 2179 kal.
423 2148 675 2179 Christannus
699 2148 802 2190 dyac.
819 2158 848 2179 n.
865 2158 892 2179 c.
930 2147 1136 2179 Hainricus
1153 2157 1205 2179 cv.
1221 2158 1251 2178 n.
1269 2157 1295 2178 c.
1313 2146 1358 2178 de
1375 2146 1689 2188 Gundramstorf,
1713 2158 1732 2179 a
1749 2159 1822 2190 quo

475 2200 657 2232 habemus
669 2199 833 2242 Aychaw
850 2199 1176 2231 etRiczensdorff.
1202 2197 1349 2242 [Petrus
1365 2198 1443 2240 pbr.
1460 2203 1498 2230 et
1513 2209 1554 2230 m.
1570 2199 1615 2231 de
1632 2198 1664 2231 S.
1679 2198 1822 2243 Cruce]

474 2251 514 2283 D.
530 2251 691 2293 Georgius
707 2252 821 2283 ‘senior
844 2250 885 2282 de
909 2250 941 2283 S.
955 2251 1068 2283 Cruce.
1113 2250 1182 2282 Sor.
1199 2250 1321 2282 Hester
1343 2250 1384 2283 de
1408 2249 1439 2282 S.
1457 2250 1561 2282 Maria
1582 2251 1789 2293 Magdalena.

162 1806 206 1989 &sss

906 2365 1078 2402 IUNIUS.

181 2441 205 2467 1.
333 2441 389 2469 kal.
423 2437 631 2479 Dyetricus
654 2436 674 2468 l.
720 2442 753 2467 D.
771 2441 892 2468 Thomas
916 2449 972 2468 sac.
987 2432 1072 2468 nionii
1094 2449 1115 2467 s.
1131 2441 1275 2468 Dorothee
1292 2440 1411 2467 Wieme.

180 2491 206 2519 2.
269 2492 316 2520 IV.
333 2502 400 2520 non.
424 2488 618 2520 Rudolfus
645 2499 696 2520 cv.
718 2499 748 2520 n.
770 2499 796 2520 c.
842 2487 898 2520 Fr.
915 2487 1171 2520 Perchtoldus
1193 2487 1271 2530 pbr.
1288 2499 1318 2519 n.
1336 2498 1363 2519 6.
1408 2487 1461 2519 Fr.
1478 2487 1675 2519 Benedictus
1698 2487 1767 2529 pbr.
1789 2490 1822 2519 et

474 2551 516 2572 m.
539 2540 580 2572 de
604 2540 789 2583 Tegernsee
813 2541 928 2572 senior.
974 2539 1027 2571 Fr.
1043 2539 1182 2572 Iodocus
1206 2550 1253 2572 cv.
1276 2539 1317 2571 de
1341 2539 1558 2582 Tegernnsee.
1603 2539 1656 2571 Fr.
1673 2539 1822 2571 Andreas

476 2592 545 2634 pbr.
563 2595 596 2624 et
617 2603 660 2624 m.
677 2592 718 2623 de
742 2591 890 2624 Gothico.

269 2699 292 2731 ὃ)
310 2699 439 2725 Numerus
461 2708 538 2732 super
561 2701 630 2726 linea
653 2701 790 2733 appetimus.
901 2699 926 2731 b)
946 2699 1059 2732 Sequens
1080 2708 1172 2724 nomen
1194 2704 1315 2732 corrupto
1338 2700 1403 2733 folio
1427 2699 1545 2725 deletum.
1656 2699 1679 2731 c)
1699 2699 1822 2732 Sequitur

168 2743 238 2768 locus
256 2751 332 2768 rame
349 2743 441 2768 maior.

273 2811 294 2843 ¹)
313 2809 384 2837 Eius
402 2811 432 2836 in
450 2810 542 2837 tabula
559 2819 584 2838 a.
599 2814 663 2838 1236
681 2811 779 2837 mentio
795 2810 833 2843 fit.
939 2811 960 2844 ²)
978 2810 1042 2837 Abb.
1055 2810 1082 2838 S.
1098 2810 1214 2837 Crucis?
1233 2813 1409 2837 1227—1241.
1517 2810 1538 2843 ³)
1557 2813 1728 2837 1471—1492.

272 2862 356 2889 Nncss.
370 2861 475 2890 PArAv.
1582 2861 1616 2887 18
