<?xml version="1.0" encoding="UTF-8"?>
<!DOCTYPE html PUBLIC "-//W3C//DTD XHTML 1.0 Transitional//EN"
    "http://www.w3.org/TR/xhtml1/DTD/xhtml1-transitional.dtd">
<html xmlns="http://www.w3.org/1999/xhtml" xml:lang="en" lang="en">
 <head>
  <title>
</title>
<meta http-equiv="Content-Type" content="text/html;charset=utf-8" />
  <meta name='ocr-system' content='tesseract 3.04.00' />
  <meta name='ocr-capabilities' content='ocr_page ocr_carea ocr_par ocr_line ocrx_word'/>
</head>
<body>
  <div class='ocr_page' id='page_1' title='image "./monumentagerman05geseuoft_0459.png"; bbox 0 0 2150 3178; ppageno 0'>
   <div class='ocr_carea' id='block_1_1' title="bbox 147 261 191 494">
    <p class='ocr_par' dir='ltr' id='par_1_1' title="bbox 147 261 191 494">
     <span class='ocr_line' id='line_1_1' title="bbox 151 261 191 289; baseline 0 -1"><span class='ocrx_word' id='word_1_1' title='bbox 151 261 191 289; x_wconf 91' lang='lat'>12.</span> 
     </span>
     <span class='ocr_line' id='line_1_2' title="bbox 151 312 191 339; baseline 0 0"><span class='ocrx_word' id='word_1_2' title='bbox 151 312 191 339; x_wconf 88' lang='lat'>15.</span> 
     </span>
     <span class='ocr_line' id='line_1_3' title="bbox 149 363 190 391; baseline 0.024 -1"><span class='ocrx_word' id='word_1_3' title='bbox 149 363 190 391; x_wconf 83' lang='lat'>16.</span> 
     </span>
     <span class='ocr_line' id='line_1_4' title="bbox 148 416 189 443; baseline 0.024 -1"><span class='ocrx_word' id='word_1_4' title='bbox 148 416 189 443; x_wconf 92' lang='lat'>22.</span> 
     </span>
     <span class='ocr_line' id='line_1_5' title="bbox 147 467 190 494; baseline 0.023 -1"><span class='ocrx_word' id='word_1_5' title='bbox 147 467 190 494; x_wconf 86' lang='lat'>24.</span> 
     </span>
    </p>
   </div>
   <div class='ocr_carea' id='block_1_2' title="bbox 147 518 191 546">
    <p class='ocr_par' dir='ltr' id='par_1_2' title="bbox 147 518 191 546">
     <span class='ocr_line' id='line_1_6' title="bbox 147 518 191 546; baseline 0.023 -1"><span class='ocrx_word' id='word_1_6' title='bbox 147 518 191 546; x_wconf 93' lang='lat'>28.</span> 
     </span>
    </p>
   </div>
   <div class='ocr_carea' id='block_1_3' title="bbox 147 621 190 650">
    <p class='ocr_par' dir='ltr' id='par_1_3' title="bbox 147 621 190 650">
     <span class='ocr_line' id='line_1_7' title="bbox 147 621 190 650; baseline 0.023 -1"><span class='ocrx_word' id='word_1_7' title='bbox 147 621 190 650; x_wconf 85' lang='lat'>29.</span> 
     </span>
    </p>
   </div>
   <div class='ocr_carea' id='block_1_4' title="bbox 146 1039 190 1120">
    <p class='ocr_par' dir='ltr' id='par_1_4' title="bbox 146 1039 190 1120">
     <span class='ocr_line' id='line_1_8' title="bbox 147 1039 189 1068; baseline 0.024 -1"><span class='ocrx_word' id='word_1_8' title='bbox 147 1039 189 1068; x_wconf 88' lang='lat'>23.</span> 
     </span>
     <span class='ocr_line' id='line_1_9' title="bbox 146 1091 190 1120; baseline 0.045 -2"><span class='ocrx_word' id='word_1_9' title='bbox 146 1091 190 1120; x_wconf 85' lang='lat'>25.</span> 
     </span>
    </p>
   </div>
   <div class='ocr_carea' id='block_1_5' title="bbox 147 1846 189 2030">
    <p class='ocr_par' dir='ltr' id='par_1_5' title="bbox 147 1846 189 2030">
     <span class='ocr_line' id='line_1_10' title="bbox 148 1846 188 1876; baseline 0.05 -2"><span class='ocrx_word' id='word_1_10' title='bbox 148 1846 188 1876; x_wconf 85' lang='lat'>18.</span> 
     </span>
     <span class='ocr_line' id='line_1_11' title="bbox 147 1899 189 1927; baseline 0.048 -2"><span class='ocrx_word' id='word_1_11' title='bbox 147 1899 189 1927; x_wconf 88' lang='grc'>20.</span> 
     </span>
     <span class='ocr_line' id='line_1_12' title="bbox 147 1951 189 1977; baseline 0 0"><span class='ocrx_word' id='word_1_12' title='bbox 147 1951 189 1977; x_wconf 84' lang='grc'>26.</span> 
     </span>
     <span class='ocr_line' id='line_1_13' title="bbox 147 2002 189 2030; baseline 0 0"><span class='ocrx_word' id='word_1_13' title='bbox 147 2002 189 2030; x_wconf 83' lang='grc'>80.</span> 
     </span>
    </p>
   </div>
   <div class='ocr_carea' id='block_1_6' title="bbox 222 259 380 545">
    <p class='ocr_par' dir='ltr' id='par_1_6' title="bbox 261 259 358 287">
     <span class='ocr_line' id='line_1_14' title="bbox 261 259 358 287; baseline -0.01 0"><span class='ocrx_word' id='word_1_14' title='bbox 261 260 309 287; x_wconf 89' lang='lat' dir='ltr'>IV.</span> <span class='ocrx_word' id='word_1_15' title='bbox 321 259 358 286; x_wconf 87' lang='lat' dir='ltr'>id.</span> 
     </span>
    </p>

    <p class='ocr_par' dir='ltr' id='par_1_7' title="bbox 222 310 380 545">
     <span class='ocr_line' id='line_1_15' title="bbox 320 310 358 338; baseline 0 0"><span class='ocrx_word' id='word_1_16' title='bbox 320 310 358 338; x_wconf 86' lang='lat' dir='ltr'>id.</span> 
     </span>
     <span class='ocr_line' id='line_1_16' title="bbox 222 362 378 390; baseline -0.006 0"><span class='ocrx_word' id='word_1_17' title='bbox 222 363 309 390; x_wconf 84' lang='lat' dir='ltr'>XVII.</span> <span class='ocrx_word' id='word_1_18' title='bbox 322 362 378 390; x_wconf 82' lang='lat' dir='ltr'>kal.</span> 
     </span>
     <span class='ocr_line' id='line_1_17' title="bbox 263 414 380 442; baseline 0 -1"><span class='ocrx_word' id='word_1_19' title='bbox 263 414 310 442; x_wconf 87' lang='lat' dir='ltr'>XI.</span> <span class='ocrx_word' id='word_1_20' title='bbox 323 414 380 441; x_wconf 79' lang='lat' dir='ltr'>kal.</span> 
     </span>
     <span class='ocr_line' id='line_1_18' title="bbox 262 465 378 493; baseline 0.009 -1"><span class='ocrx_word' id='word_1_21' title='bbox 262 466 308 493; x_wconf 87' lang='lat' dir='ltr'>IX.</span> <span class='ocrx_word' id='word_1_22' title='bbox 321 465 378 493; x_wconf 82' lang='lat' dir='ltr'>kal.</span> 
     </span>
     <span class='ocr_line' id='line_1_19' title="bbox 275 515 379 545; baseline 0 0"><span class='ocrx_word' id='word_1_23' title='bbox 275 518 310 545; x_wconf 90' lang='lat' dir='ltr'>V.</span> <span class='ocrx_word' id='word_1_24' title='bbox 322 515 379 545; x_wconf 81' lang='lat' dir='ltr'>kal.</span> 
     </span>
    </p>
   </div>
   <div class='ocr_carea' id='block_1_7' title="bbox 261 620 379 648">
    <p class='ocr_par' dir='ltr' id='par_1_8' title="bbox 261 620 379 648">
     <span class='ocr_line' id='line_1_20' title="bbox 261 620 379 648; baseline -0.017 0"><span class='ocrx_word' id='word_1_25' title='bbox 261 621 308 648; x_wconf 91' lang='lat' dir='ltr'>IV.</span> <span class='ocrx_word' id='word_1_26' title='bbox 321 620 379 647; x_wconf 83' lang='lat' dir='ltr'>kal.</span> 
     </span>
    </p>
   </div>
   <div class='ocr_carea' id='block_1_8' title="bbox 218 844 381 963">
    <p class='ocr_par' dir='ltr' id='par_1_9' title="bbox 218 844 381 963">
     <span class='ocr_line' id='line_1_21' title="bbox 315 844 381 863; baseline 0.015 -1"><span class='ocrx_word' id='word_1_27' title='bbox 315 844 381 863; x_wconf 86' lang='lat' dir='ltr'>non.</span> 
     </span>
     <span class='ocr_line' id='line_1_22' title="bbox 261 885 358 913; baseline 0.01 -1"><span class='ocrx_word' id='word_1_28' title='bbox 261 885 307 913; x_wconf 93' lang='lat' dir='ltr'>VI.</span> <span class='ocrx_word' id='word_1_29' title='bbox 320 885 358 913; x_wconf 81' lang='lat' dir='ltr'>id.</span> 
     </span>
     <span class='ocr_line' id='line_1_23' title="bbox 218 936 377 963; baseline 0 0"><span class='ocrx_word' id='word_1_30' title='bbox 218 936 306 963; x_wconf 87' lang='lat' dir='ltr'>XVII.</span> <span class='ocrx_word' id='word_1_31' title='bbox 320 936 377 963; x_wconf 83' lang='lat' dir='ltr'>kal.</span> 
     </span>
    </p>
   </div>
   <div class='ocr_carea' id='block_1_9' title="bbox 246 1039 379 1171">
    <p class='ocr_par' dir='ltr' id='par_1_10' title="bbox 246 1039 379 1171">
     <span class='ocr_line' id='line_1_24' title="bbox 261 1039 379 1067; baseline 0 -1"><span class='ocrx_word' id='word_1_32' title='bbox 261 1039 309 1067; x_wconf 90' lang='lat' dir='ltr'>IX.</span> <span class='ocrx_word' id='word_1_33' title='bbox 322 1039 379 1066; x_wconf 82' lang='lat' dir='ltr'>kal.</span> 
     </span>
     <span class='ocr_line' id='line_1_25' title="bbox 246 1091 379 1118; baseline 0.008 -1"><span class='ocrx_word' id='word_1_34' title='bbox 246 1091 309 1118; x_wconf 88' lang='lat' dir='ltr'>VII.</span> <span class='ocrx_word' id='word_1_35' title='bbox 322 1091 379 1118; x_wconf 77' lang='lat' dir='ltr'>kal.</span> 
     </span>
     <span class='ocr_line' id='line_1_26' title="bbox 275 1143 378 1171; baseline -0.01 0"><span class='ocrx_word' id='word_1_36' title='bbox 275 1143 307 1171; x_wconf 89' lang='lat' dir='ltr'>V.</span> <span class='ocrx_word' id='word_1_37' title='bbox 320 1143 378 1171; x_wconf 82' lang='lat' dir='ltr'>kal.</span> 
     </span>
    </p>
   </div>
   <div class='ocr_carea' id='block_1_10' title="bbox 268 1332 383 1412">
    <p class='ocr_par' dir='ltr' id='par_1_11' title="bbox 268 1332 383 1412">
     <span class='ocr_line' id='line_1_27' title="bbox 268 1332 383 1359; baseline -0.009 0"><span class='ocrx_word' id='word_1_38' title='bbox 268 1332 305 1359; x_wconf 90' lang='lat'>11.</span> <span class='ocrx_word' id='word_1_39' title='bbox 318 1339 383 1358; x_wconf 85' lang='lat' dir='ltr'>non.</span> 
     </span>
     <span class='ocr_line' id='line_1_28' title="bbox 316 1392 383 1412; baseline 0 -1"><span class='ocrx_word' id='word_1_40' title='bbox 316 1392 383 1412; x_wconf 87' lang='lat' dir='ltr'>non.</span> 
     </span>
    </p>
   </div>
   <div class='ocr_carea' id='block_1_11' title="bbox 228 1486 357 1565">
    <p class='ocr_par' dir='ltr' id='par_1_12' title="bbox 228 1486 357 1565">
     <span class='ocr_line' id='line_1_29' title="bbox 228 1486 354 1514; baseline 0.008 -2"><span class='ocrx_word' id='word_1_41' title='bbox 228 1486 303 1514; x_wconf 90' lang='lat' dir='ltr'>VIII.</span> <span class='ocrx_word' id='word_1_42' title='bbox 317 1486 354 1513; x_wconf 92' lang='lat' dir='ltr'>id.</span> 
     </span>
     <span class='ocr_line' id='line_1_30' title="bbox 246 1537 357 1565; baseline 0.009 -1"><span class='ocrx_word' id='word_1_43' title='bbox 246 1537 308 1565; x_wconf 92' lang='lat' dir='ltr'>VII.</span> <span class='ocrx_word' id='word_1_44' title='bbox 321 1537 357 1565; x_wconf 89' lang='lat' dir='ltr'>id.</span> 
     </span>
    </p>
   </div>
   <div class='ocr_carea' id='block_1_12' title="bbox 233 1641 378 1771">
    <p class='ocr_par' dir='ltr' id='par_1_13' title="bbox 233 1641 378 1771">
     <span class='ocr_line' id='line_1_31' title="bbox 257 1641 354 1669; baseline 0.01 -2"><span class='ocrx_word' id='word_1_45' title='bbox 257 1641 304 1669; x_wconf 91' lang='lat' dir='ltr'>VI.</span> <span class='ocrx_word' id='word_1_46' title='bbox 317 1641 354 1668; x_wconf 85' lang='lat' dir='ltr'>id.</span> 
     </span>
     <span class='ocr_line' id='line_1_32' title="bbox 257 1692 354 1719; baseline 0 0"><span class='ocrx_word' id='word_1_47' title='bbox 257 1692 304 1719; x_wconf 91' lang='lat' dir='ltr'>IV.</span> <span class='ocrx_word' id='word_1_48' title='bbox 317 1692 354 1719; x_wconf 88' lang='lat' dir='ltr'>id.</span> 
     </span>
     <span class='ocr_line' id='line_1_33' title="bbox 233 1743 378 1771; baseline -0.007 0"><span class='ocrx_word' id='word_1_49' title='bbox 233 1743 308 1771; x_wconf 84' lang='lat' dir='ltr'>XIX.</span> <span class='ocrx_word' id='word_1_50' title='bbox 321 1743 378 1771; x_wconf 83' lang='lat' dir='ltr'>kal.</span> 
     </span>
    </p>
   </div>
   <div class='ocr_carea' id='block_1_13' title="bbox 233 1848 380 2031">
    <p class='ocr_par' dir='ltr' id='par_1_14' title="bbox 233 1848 380 2031">
     <span class='ocr_line' id='line_1_34' title="bbox 250 1848 380 1876; baseline 0.008 -1"><span class='ocrx_word' id='word_1_51' title='bbox 250 1848 309 1876; x_wconf 88' lang='lat' dir='ltr'>XV.</span> <span class='ocrx_word' id='word_1_52' title='bbox 321 1848 380 1876; x_wconf 80' lang='lat' dir='ltr'>kal.</span> 
     </span>
     <span class='ocr_line' id='line_1_35' title="bbox 233 1898 378 1926; baseline 0 -1"><span class='ocrx_word' id='word_1_53' title='bbox 233 1899 308 1926; x_wconf 90' lang='lat' dir='ltr'>XIII.</span> <span class='ocrx_word' id='word_1_54' title='bbox 321 1898 378 1926; x_wconf 79' lang='lat' dir='ltr'>kal.</span> 
     </span>
     <span class='ocr_line' id='line_1_36' title="bbox 247 1950 378 1978; baseline 0.008 -1"><span class='ocrx_word' id='word_1_55' title='bbox 247 1950 308 1978; x_wconf 90' lang='lat' dir='ltr'>VII.</span> <span class='ocrx_word' id='word_1_56' title='bbox 322 1950 378 1978; x_wconf 79' lang='lat' dir='ltr'>kal.</span> 
     </span>
     <span class='ocr_line' id='line_1_37' title="bbox 259 2003 378 2031; baseline 0 -1"><span class='ocrx_word' id='word_1_57' title='bbox 259 2003 308 2031; x_wconf 93' lang='lat' dir='ltr'>III.</span> <span class='ocrx_word' id='word_1_58' title='bbox 320 2003 378 2030; x_wconf 83' lang='lat' dir='ltr'>kal.</span> 
     </span>
    </p>
   </div>
   <div class='ocr_carea' id='block_1_14' title="bbox 711 165 1805 197">
    <p class='ocr_par' dir='ltr' id='par_1_15' title="bbox 711 165 1805 197">
     <span class='ocr_line' id='line_1_38' title="bbox 711 165 1805 197; baseline 0.003 -3"><span class='ocrx_word' id='word_1_59' title='bbox 711 166 976 195; x_wconf 80' lang='lat' dir='ltr'>NECROLOGIUM</span> <span class='ocrx_word' id='word_1_60' title='bbox 994 165 1235 194; x_wconf 75' lang='lat' dir='ltr'>GEMMOENSE.</span> <span class='ocrx_word' id='word_1_61' title='bbox 1744 168 1805 197; x_wconf 87' lang='grc'>445</span> 
     </span>
    </p>
   </div>
   <div class='ocr_carea' id='block_1_15' title="bbox 405 253 1804 657">
    <p class='ocr_par' dir='ltr' id='par_1_16' title="bbox 408 253 1025 287">
     <span class='ocr_line' id='line_1_39' title="bbox 408 253 1025 287; baseline -0.005 0"><span class='ocrx_word' id='word_1_62' title='bbox 408 254 587 287; x_wconf 88' lang='lat' dir='ltr'><strong>Hertnidus</strong></span> <span class='ocrx_word' id='word_1_63' title='bbox 610 264 636 286; x_wconf 87' lang='lat' dir='ltr'>c.</span> <span class='ocrx_word' id='word_1_64' title='bbox 682 254 843 286; x_wconf 85' lang='lat' dir='ltr'><strong>Iohannes</strong></span> <span class='ocrx_word' id='word_1_65' title='bbox 867 253 956 286; x_wconf 87' lang='lat' dir='ltr'>Oder</span> <span class='ocrx_word' id='word_1_66' title='bbox 978 263 1025 285; x_wconf 87' lang='lat' dir='ltr'>cv.</span> 
     </span>
    </p>

    <p class='ocr_par' dir='ltr' id='par_1_17' title="bbox 409 304 1290 348">
     <span class='ocr_line' id='line_1_40' title="bbox 409 304 1290 348; baseline -0.002 -10"><span class='ocrx_word' id='word_1_67' title='bbox 409 306 590 348; x_wconf 78' lang='lat' dir='ltr'><strong>Ortolfus1)</strong></span> <span class='ocrx_word' id='word_1_68' title='bbox 613 306 700 347; x_wconf 87' lang='lat' dir='ltr'><strong>prior</strong></span> <span class='ocrx_word' id='word_1_69' title='bbox 722 305 753 337; x_wconf 94' lang='lat' dir='ltr'>h.</span> <span class='ocrx_word' id='word_1_70' title='bbox 771 305 801 337; x_wconf 90' lang='lat' dir='ltr'>d.</span> <span class='ocrx_word' id='word_1_71' title='bbox 821 307 912 338; x_wconf 85' lang='lat'>1396.</span> <span class='ocrx_word' id='word_1_72' title='bbox 957 304 1109 337; x_wconf 80' lang='lat' dir='ltr'><strong>Nicolaus</strong></span> <span class='ocrx_word' id='word_1_73' title='bbox 1132 314 1179 336; x_wconf 87' lang='lat' dir='ltr'>cv.</span> <span class='ocrx_word' id='word_1_74' title='bbox 1198 306 1290 336; x_wconf 89' lang='grc'><strong>1436.</strong></span> 
     </span>
    </p>

    <p class='ocr_par' dir='ltr' id='par_1_18' title="bbox 405 356 1101 399">
     <span class='ocr_line' id='line_1_41' title="bbox 405 356 1101 399; baseline -0.003 -9"><span class='ocrx_word' id='word_1_75' title='bbox 405 358 562 390; x_wconf 82' lang='lat' dir='ltr'><strong>Martinus</strong></span> <span class='ocrx_word' id='word_1_76' title='bbox 585 360 774 399; x_wconf 83' lang='lat' dir='ltr'>procurator</span> <span class='ocrx_word' id='word_1_77' title='bbox 795 357 827 388; x_wconf 94' lang='lat' dir='ltr'>h.</span> <span class='ocrx_word' id='word_1_78' title='bbox 845 357 864 389; x_wconf 91' lang='lat' dir='ltr'>l.</span> <span class='ocrx_word' id='word_1_79' title='bbox 911 356 1032 399; x_wconf 84' lang='lat' dir='ltr'>Symon</span> <span class='ocrx_word' id='word_1_80' title='bbox 1054 367 1101 388; x_wconf 83' lang='lat' dir='ltr'>ev.</span> 
     </span>
    </p>

    <p class='ocr_par' dir='ltr' id='par_1_19' title="bbox 406 409 926 442">
     <span class='ocr_line' id='line_1_42' title="bbox 406 409 926 442; baseline -0.004 0"><span class='ocrx_word' id='word_1_81' title='bbox 406 410 561 442; x_wconf 79' lang='lat' dir='ltr'><strong>Nicolaus</strong></span> <span class='ocrx_word' id='word_1_82' title='bbox 583 409 726 441; x_wconf 81' lang='lat' dir='ltr'><strong>Polanus</strong></span> <span class='ocrx_word' id='word_1_83' title='bbox 747 419 789 441; x_wconf 92' lang='lat' dir='ltr'>m.</span> <span class='ocrx_word' id='word_1_84' title='bbox 807 411 841 440; x_wconf 87' lang='lat' dir='ltr'>et</span> <span class='ocrx_word' id='word_1_85' title='bbox 863 418 926 440; x_wconf 82' lang='lat' dir='ltr'>sac.</span> 
     </span>
    </p>

    <p class='ocr_par' dir='ltr' id='par_1_20' title="bbox 406 459 1189 504">
     <span class='ocr_line' id='line_1_43' title="bbox 406 459 1189 504; baseline -0.003 -11"><span class='ocrx_word' id='word_1_86' title='bbox 406 461 488 504; x_wconf 81' lang='lat' dir='ltr'>Tylo</span> <span class='ocrx_word' id='word_1_87' title='bbox 499 460 527 503; x_wconf 71' lang='grc'>2)</span> <span class='ocrx_word' id='word_1_88' title='bbox 550 461 638 502; x_wconf 84' lang='lat' dir='ltr'><strong>prior</strong></span> <span class='ocrx_word' id='word_1_89' title='bbox 661 460 774 492; x_wconf 90' lang='lat' dir='ltr'><strong>domus</strong></span> <span class='ocrx_word' id='word_1_90' title='bbox 797 459 896 491; x_wconf 84' lang='lat' dir='ltr'><strong>Troni</strong></span> <span class='ocrx_word' id='word_1_91' title='bbox 919 459 949 492; x_wconf 95' lang='lat' dir='ltr'>b.</span> <span class='ocrx_word' id='word_1_92' title='bbox 967 459 1070 492; x_wconf 83' lang='lat' dir='ltr'><strong>Marie</strong></span> <span class='ocrx_word' id='word_1_93' title='bbox 1097 460 1189 492; x_wconf 90' lang='lat'>1346.</span> 
     </span>
    </p>

    <p class='ocr_par' dir='ltr' id='par_1_21' title="bbox 406 510 1804 596">
     <span class='ocr_line' id='line_1_44' title="bbox 406 510 1804 552; baseline -0.003 -7"><span class='ocrx_word' id='word_1_94' title='bbox 406 512 588 546; x_wconf 87' lang='lat' dir='ltr'><strong>Anthonius</strong></span> <span class='ocrx_word' id='word_1_95' title='bbox 610 523 653 544; x_wconf 89' lang='lat' dir='ltr'>m.</span> <span class='ocrx_word' id='word_1_96' title='bbox 669 522 752 543; x_wconf 87' lang='lat' dir='ltr'><strong>nunc</strong></span> <span class='ocrx_word' id='word_1_97' title='bbox 774 512 807 542; x_wconf 90' lang='lat' dir='ltr'>in</span> <span class='ocrx_word' id='word_1_98' title='bbox 829 512 927 543; x_wconf 79' lang='lat' dir='ltr'><strong>saeris</strong></span> <span class='ocrx_word' id='word_1_99' title='bbox 950 512 1142 543; x_wconf 83' lang='lat' dir='ltr'><strong>constitutus</strong></span> <span class='ocrx_word' id='word_1_100' title='bbox 1165 510 1329 543; x_wconf 82' lang='lat' dir='ltr'>ordinibus</span> <span class='ocrx_word' id='word_1_101' title='bbox 1350 511 1460 542; x_wconf 82' lang='lat' dir='ltr'><strong>statim</strong></span> <span class='ocrx_word' id='word_1_102' title='bbox 1482 513 1555 552; x_wconf 85' lang='lat' dir='ltr'><strong>post</strong></span> <span class='ocrx_word' id='word_1_103' title='bbox 1571 510 1804 551; x_wconf 82' lang='lat' dir='ltr'>professionem</span> 
     </span>
     <span class='ocr_line' id='line_1_45' title="bbox 459 564 722 596; baseline -0.004 0"><span class='ocrx_word' id='word_1_104' title='bbox 459 566 604 596; x_wconf 86' lang='lat' dir='ltr'><strong>mortuus</strong></span> <span class='ocrx_word' id='word_1_105' title='bbox 630 564 722 596; x_wconf 87' lang='lat'>1448.</span> 
     </span>
    </p>

    <p class='ocr_par' dir='ltr' id='par_1_22' title="bbox 407 613 1426 657">
     <span class='ocr_line' id='line_1_46' title="bbox 407 613 1426 657; baseline -0.002 -9"><span class='ocrx_word' id='word_1_106' title='bbox 407 615 568 648; x_wconf 85' lang='lat' dir='ltr'><strong>Iohannes</strong></span> <span class='ocrx_word' id='word_1_107' title='bbox 591 616 723 657; x_wconf 85' lang='lat' dir='ltr'><strong>Longus</strong></span> <span class='ocrx_word' id='word_1_108' title='bbox 746 614 853 646; x_wconf 82' lang='lat' dir='ltr'><strong>senior</strong></span> <span class='ocrx_word' id='word_1_109' title='bbox 876 624 918 646; x_wconf 91' lang='lat' dir='ltr'>m.</span> <span class='ocrx_word' id='word_1_110' title='bbox 935 617 968 645; x_wconf 85' lang='lat' dir='ltr'>et</span> <span class='ocrx_word' id='word_1_111' title='bbox 989 623 1054 646; x_wconf 82' lang='lat' dir='ltr'>sao.</span> <span class='ocrx_word' id='word_1_112' title='bbox 1071 613 1111 646; x_wconf 86' lang='lat' dir='ltr'>de</span> <span class='ocrx_word' id='word_1_113' title='bbox 1135 613 1426 646; x_wconf 73' lang='lat' dir='ltr'>chremsmunster.</span> 
     </span>
    </p>
   </div>
   <div class='ocr_carea' id='block_1_16' title="bbox 837 744 1112 781">
    <p class='ocr_par' dir='ltr' id='par_1_23' title="bbox 837 744 1112 781">
     <span class='ocr_line' id='line_1_47' title="bbox 837 744 1112 781; baseline 0.004 -1"><span class='ocrx_word' id='word_1_114' title='bbox 837 744 869 781; x_wconf 93' lang='lat' dir='ltr'>N</span> <span class='ocrx_word' id='word_1_115' title='bbox 872 744 1112 781; x_wconf 83' lang='lat' dir='ltr'>OVEMBER.</span> 
     </span>
    </p>
   </div>
   <div class='ocr_carea' id='block_1_17' title="bbox 405 829 1804 1231">
    <p class='ocr_par' dir='ltr' id='par_1_24' title="bbox 406 829 989 863">
     <span class='ocr_line' id='line_1_48' title="bbox 406 829 989 863; baseline -0.003 -1"><span class='ocrx_word' id='word_1_116' title='bbox 406 830 559 863; x_wconf 84' lang='lat' dir='ltr'><strong>Nicolaus</strong></span> <span class='ocrx_word' id='word_1_117' title='bbox 583 830 623 862; x_wconf 90' lang='lat' dir='ltr'>de</span> <span class='ocrx_word' id='word_1_118' title='bbox 647 829 789 862; x_wconf 77' lang='lat' dir='ltr'>Saxonis.</span> <span class='ocrx_word' id='word_1_119' title='bbox 811 839 852 860; x_wconf 94' lang='lat' dir='ltr'>m.</span> <span class='ocrx_word' id='word_1_120' title='bbox 871 831 904 860; x_wconf 87' lang='lat' dir='ltr'>et</span> <span class='ocrx_word' id='word_1_121' title='bbox 926 839 989 861; x_wconf 86' lang='lat' dir='ltr'>sac.</span> 
     </span>
    </p>

    <p class='ocr_par' dir='ltr' id='par_1_25' title="bbox 405 880 1004 923">
     <span class='ocr_line' id='line_1_49' title="bbox 405 880 1004 923; baseline -0.005 -9"><span class='ocrx_word' id='word_1_122' title='bbox 405 882 522 914; x_wconf 82' lang='lat' dir='ltr'><strong>Petrus</strong></span> <span class='ocrx_word' id='word_1_123' title='bbox 533 881 559 923; x_wconf 81' lang='lat'>³)</span> <span class='ocrx_word' id='word_1_124' title='bbox 581 882 669 923; x_wconf 89' lang='lat' dir='ltr'><strong>prior</strong></span> <span class='ocrx_word' id='word_1_125' title='bbox 691 881 722 913; x_wconf 93' lang='lat' dir='ltr'>h.</span> <span class='ocrx_word' id='word_1_126' title='bbox 740 880 770 912; x_wconf 81' lang='lat' dir='ltr'>d.</span> <span class='ocrx_word' id='word_1_127' title='bbox 787 880 886 912; x_wconf 78' lang='lat' dir='ltr'><strong>Troni</strong></span> <span class='ocrx_word' id='word_1_128' title='bbox 913 883 1004 912; x_wconf 86' lang='lat'>1405.</span> 
     </span>
    </p>

    <p class='ocr_par' dir='ltr' id='par_1_26' title="bbox 405 929 1804 1016">
     <span class='ocr_line' id='line_1_50' title="bbox 405 929 1804 972; baseline -0.002 -8"><span class='ocrx_word' id='word_1_129' title='bbox 405 932 544 964; x_wconf 78' lang='lat' dir='ltr'>Iacobus</span> <span class='ocrx_word' id='word_1_130' title='bbox 567 943 609 964; x_wconf 91' lang='lat' dir='ltr'>m.</span> <span class='ocrx_word' id='word_1_131' title='bbox 631 934 664 964; x_wconf 91' lang='lat' dir='ltr'>et</span> <span class='ocrx_word' id='word_1_132' title='bbox 686 942 750 964; x_wconf 82' lang='lat' dir='ltr'>sac.</span> <span class='ocrx_word' id='word_1_133' title='bbox 770 933 862 963; x_wconf 86' lang='lat'>1431.</span> <span class='ocrx_word' id='word_1_134' title='bbox 907 932 1023 963; x_wconf 73' lang='lat' dir='ltr'>AnniV.</span> <span class='ocrx_word' id='word_1_135' title='bbox 1045 930 1232 963; x_wconf 81' lang='lat' dir='ltr'><strong>fundatricis</strong></span> <span class='ocrx_word' id='word_1_136' title='bbox 1258 931 1336 962; x_wconf 88' lang='grc'><strong>1351</strong></span> <span class='ocrx_word' id='word_1_137' title='bbox 1364 930 1529 962; x_wconf 84' lang='lat' dir='ltr'>Iohannae</span> <span class='ocrx_word' id='word_1_138' title='bbox 1553 929 1593 962; x_wconf 83' lang='lat' dir='ltr'>de</span> <span class='ocrx_word' id='word_1_139' title='bbox 1618 929 1756 972; x_wconf 69' lang='lat' dir='ltr'>Phyw)</span> <span class='ocrx_word' id='word_1_140' title='bbox 1767 930 1804 972; x_wconf 73' lang='lat'>⁴),</span> 
     </span>
     <span class='ocr_line' id='line_1_51' title="bbox 457 985 719 1016; baseline 0 -1"><span class='ocrx_word' id='word_1_141' title='bbox 457 985 490 1015; x_wconf 91' lang='lat' dir='ltr'>in</span> <span class='ocrx_word' id='word_1_142' title='bbox 513 986 602 1016; x_wconf 81' lang='lat' dir='ltr'><strong>carta</strong></span> <span class='ocrx_word' id='word_1_143' title='bbox 627 985 719 1016; x_wconf 87' lang='lat'>1353.</span> 
     </span>
    </p>

    <p class='ocr_par' dir='ltr' id='par_1_27' title="bbox 406 1033 1755 1077">
     <span class='ocr_line' id='line_1_52' title="bbox 406 1033 1755 1077; baseline -0.001 -10"><span class='ocrx_word' id='word_1_144' title='bbox 406 1035 560 1068; x_wconf 87' lang='lat' dir='ltr'><strong>Albertus</strong></span> <span class='ocrx_word' id='word_1_145' title='bbox 582 1035 718 1076; x_wconf 83' lang='lat' dir='ltr'>Franco,</span> <span class='ocrx_word' id='word_1_146' title='bbox 743 1035 797 1077; x_wconf 93' lang='lat' dir='ltr'>qui</span> <span class='ocrx_word' id='word_1_147' title='bbox 819 1034 946 1076; x_wconf 77' lang='lat' dir='ltr'><strong>scripsit</strong></span> <span class='ocrx_word' id='word_1_148' title='bbox 968 1034 1066 1066; x_wconf 85' lang='lat' dir='ltr'><strong>libros</strong></span> <span class='ocrx_word' id='word_1_149' title='bbox 1089 1044 1272 1066; x_wconf 81' lang='lat' dir='ltr'>sermonum</span> <span class='ocrx_word' id='word_1_150' title='bbox 1296 1036 1329 1065; x_wconf 89' lang='lat' dir='ltr'>et</span> <span class='ocrx_word' id='word_1_151' title='bbox 1351 1033 1415 1065; x_wconf 79' lang='lat' dir='ltr'><strong>alia</strong></span> <span class='ocrx_word' id='word_1_152' title='bbox 1438 1033 1550 1075; x_wconf 83' lang='lat' dir='ltr'><strong>multa,</strong></span> <span class='ocrx_word' id='word_1_153' title='bbox 1574 1034 1645 1074; x_wconf 64' lang='lat' dir='ltr'><strong>vic„</strong></span> <span class='ocrx_word' id='word_1_154' title='bbox 1665 1036 1755 1065; x_wconf 86' lang='lat'>1447.</span> 
     </span>
    </p>

    <p class='ocr_par' dir='ltr' id='par_1_28' title="bbox 407 1086 1292 1128">
     <span class='ocr_line' id='line_1_53' title="bbox 407 1086 1292 1128; baseline -0.002 -10"><span class='ocrx_word' id='word_1_155' title='bbox 407 1086 575 1119; x_wconf 75' lang='lat' dir='ltr'><strong>conradus</strong></span> <span class='ocrx_word' id='word_1_156' title='bbox 599 1086 639 1119; x_wconf 88' lang='lat' dir='ltr'>de</span> <span class='ocrx_word' id='word_1_157' title='bbox 662 1087 823 1128; x_wconf 80' lang='lat' dir='ltr'><strong>Ingolstat</strong></span> <span class='ocrx_word' id='word_1_158' title='bbox 845 1088 966 1127; x_wconf 82' lang='lat' dir='ltr'><strong>cantor,</strong></span> <span class='ocrx_word' id='word_1_159' title='bbox 990 1096 1032 1117; x_wconf 90' lang='lat' dir='ltr'>m.</span> <span class='ocrx_word' id='word_1_160' title='bbox 1050 1088 1082 1118; x_wconf 86' lang='lat' dir='ltr'>et</span> <span class='ocrx_word' id='word_1_161' title='bbox 1105 1095 1180 1126; x_wconf 63' lang='lat' dir='ltr'><strong>sac„</strong></span> <span class='ocrx_word' id='word_1_162' title='bbox 1200 1087 1292 1117; x_wconf 87' lang='lat'>1449.</span> 
     </span>
    </p>

    <p class='ocr_par' dir='ltr' id='par_1_29' title="bbox 406 1135 1804 1231">
     <span class='ocr_line' id='line_1_54' title="bbox 406 1135 1804 1179; baseline -0.002 -9"><span class='ocrx_word' id='word_1_163' title='bbox 406 1138 567 1170; x_wconf 86' lang='lat' dir='ltr'><strong>Iohannes</strong></span> <span class='ocrx_word' id='word_1_164' title='bbox 590 1138 631 1170; x_wconf 83' lang='lat' dir='ltr'>de</span> <span class='ocrx_word' id='word_1_165' title='bbox 655 1137 810 1170; x_wconf 84' lang='lat' dir='ltr'>Muldorff</span> <span class='ocrx_word' id='word_1_166' title='bbox 829 1148 871 1170; x_wconf 91' lang='lat' dir='ltr'>m.</span> <span class='ocrx_word' id='word_1_167' title='bbox 893 1140 926 1170; x_wconf 85' lang='lat' dir='ltr'>et</span> <span class='ocrx_word' id='word_1_168' title='bbox 948 1147 1027 1179; x_wconf 65' lang='lat' dir='ltr'><strong>sao„</strong></span> <span class='ocrx_word' id='word_1_169' title='bbox 1050 1136 1178 1179; x_wconf 74' lang='lat' dir='ltr'>plurab)</span> <span class='ocrx_word' id='word_1_170' title='bbox 1202 1136 1329 1178; x_wconf 81' lang='lat' dir='ltr'><strong>scripsit</strong></span> <span class='ocrx_word' id='word_1_171' title='bbox 1351 1135 1451 1168; x_wconf 87' lang='lat' dir='ltr'><strong>libros</strong></span> <span class='ocrx_word' id='word_1_172' title='bbox 1473 1135 1652 1168; x_wconf 85' lang='lat' dir='ltr'><strong>leceionum</strong></span> <span class='ocrx_word' id='word_1_173' title='bbox 1675 1145 1732 1178; x_wconf 87' lang='lat' dir='ltr'>pro</span> <span class='ocrx_word' id='word_1_174' title='bbox 1756 1136 1804 1167; x_wconf 94' lang='lat' dir='ltr'>in-</span> 
     </span>
     <span class='ocr_line' id='line_1_55' title="bbox 455 1190 683 1231; baseline -0.004 -9"><span class='ocrx_word' id='word_1_175' title='bbox 455 1190 565 1231; x_wconf 82' lang='lat' dir='ltr'><strong>firmis,</strong></span> <span class='ocrx_word' id='word_1_176' title='bbox 591 1191 683 1222; x_wconf 88' lang='grc'><strong>1437.</strong></span> 
     </span>
    </p>
   </div>
   <div class='ocr_carea' id='block_1_18' title="bbox 842 1277 1112 1314">
    <p class='ocr_par' dir='ltr' id='par_1_30' title="bbox 842 1277 1112 1314">
     <span class='ocr_line' id='line_1_56' title="bbox 842 1277 1112 1314; baseline 0 0"><span class='ocrx_word' id='word_1_177' title='bbox 842 1277 1112 1314; x_wconf 83' lang='lat' dir='ltr'>DECEMBER.</span> 
     </span>
    </p>
   </div>
   <div class='ocr_carea' id='block_1_19' title="bbox 404 1328 1805 2033">
    <p class='ocr_par' dir='ltr' id='par_1_31' title="bbox 407 1328 765 1360">
     <span class='ocr_line' id='line_1_57' title="bbox 407 1328 765 1360; baseline 0 -1"><span class='ocrx_word' id='word_1_178' title='bbox 407 1328 565 1360; x_wconf 77' lang='lat' dir='ltr'><strong>on-danus</strong></span> <span class='ocrx_word' id='word_1_179' title='bbox 587 1338 629 1359; x_wconf 90' lang='lat' dir='ltr'>m.</span> <span class='ocrx_word' id='word_1_180' title='bbox 646 1330 679 1359; x_wconf 89' lang='lat' dir='ltr'>et</span> <span class='ocrx_word' id='word_1_181' title='bbox 701 1338 765 1359; x_wconf 81' lang='lat' dir='ltr'>sac.</span> 
     </span>
    </p>

    <p class='ocr_par' dir='ltr' id='par_1_32' title="bbox 407 1377 1805 1473">
     <span class='ocr_line' id='line_1_58' title="bbox 407 1377 1805 1422; baseline -0.001 -11"><span class='ocrx_word' id='word_1_182' title='bbox 407 1379 591 1422; x_wconf 82' lang='lat' dir='ltr'><strong>Stephanus</strong></span> <span class='ocrx_word' id='word_1_183' title='bbox 618 1390 660 1411; x_wconf 91' lang='lat' dir='ltr'>m.</span> <span class='ocrx_word' id='word_1_184' title='bbox 684 1382 718 1411; x_wconf 85' lang='lat' dir='ltr'>et</span> <span class='ocrx_word' id='word_1_185' title='bbox 744 1389 807 1411; x_wconf 78' lang='lat' dir='ltr'>sac.</span> <span class='ocrx_word' id='word_1_186' title='bbox 853 1378 1106 1411; x_wconf 63' lang='lat' dir='ltr'>Friderious&#39;cv.</span> <span class='ocrx_word' id='word_1_187' title='bbox 1151 1378 1400 1410; x_wconf 81' lang='lat' dir='ltr'><strong>Bartholomeus</strong></span> <span class='ocrx_word' id='word_1_188' title='bbox 1423 1377 1582 1410; x_wconf 85' lang='lat' dir='ltr'>Hoelderl</span> <span class='ocrx_word' id='word_1_189' title='bbox 1606 1380 1805 1419; x_wconf 82' lang='lat' dir='ltr'>procurator,</span> 
     </span>
     <span class='ocr_line' id='line_1_59' title="bbox 456 1430 883 1473; baseline 0.002 -11"><span class='ocrx_word' id='word_1_190' title='bbox 456 1432 544 1473; x_wconf 85' lang='lat' dir='ltr'><strong>prius</strong></span> <span class='ocrx_word' id='word_1_191' title='bbox 568 1431 656 1473; x_wconf 86' lang='lat' dir='ltr'><strong>prior</strong></span> <span class='ocrx_word' id='word_1_192' title='bbox 678 1431 711 1462; x_wconf 89' lang='lat' dir='ltr'>in</span> <span class='ocrx_word' id='word_1_193' title='bbox 733 1430 883 1473; x_wconf 80' lang='lat' dir='ltr'>Axpach.</span> 
     </span>
    </p>

    <p class='ocr_par' dir='ltr' id='par_1_33' title="bbox 404 1482 791 1515">
     <span class='ocr_line' id='line_1_60' title="bbox 404 1482 791 1515; baseline 0.003 -1"><span class='ocrx_word' id='word_1_194' title='bbox 404 1482 587 1515; x_wconf 84' lang='lat' dir='ltr'><strong>Fridericus</strong></span> <span class='ocrx_word' id='word_1_195' title='bbox 610 1494 652 1515; x_wconf 92' lang='lat' dir='ltr'>m.</span> <span class='ocrx_word' id='word_1_196' title='bbox 672 1486 705 1515; x_wconf 87' lang='lat' dir='ltr'>et</span> <span class='ocrx_word' id='word_1_197' title='bbox 727 1493 791 1515; x_wconf 79' lang='lat' dir='ltr'>sac.</span> 
     </span>
    </p>

    <p class='ocr_par' dir='ltr' id='par_1_34' title="bbox 406 1532 1804 1628">
     <span class='ocr_line' id='line_1_61' title="bbox 406 1532 1804 1576; baseline -0.001 -10"><span class='ocrx_word' id='word_1_198' title='bbox 406 1534 577 1567; x_wconf 84' lang='lat' dir='ltr'><strong>Hainrious</strong></span> <span class='ocrx_word' id='word_1_199' title='bbox 600 1545 642 1566; x_wconf 92' lang='lat' dir='ltr'>m.</span> <span class='ocrx_word' id='word_1_200' title='bbox 660 1538 693 1567; x_wconf 88' lang='lat' dir='ltr'>et</span> <span class='ocrx_word' id='word_1_201' title='bbox 715 1545 790 1576; x_wconf 62' lang='lat' dir='ltr'><strong>sac„</strong></span> <span class='ocrx_word' id='word_1_202' title='bbox 820 1535 908 1576; x_wconf 86' lang='lat' dir='ltr'><strong>prior</strong></span> <span class='ocrx_word' id='word_1_203' title='bbox 930 1535 962 1566; x_wconf 92' lang='lat' dir='ltr'>in</span> <span class='ocrx_word' id='word_1_204' title='bbox 985 1533 1085 1575; x_wconf 84' lang='lat' dir='ltr'><strong>Seioz,</strong></span> <span class='ocrx_word' id='word_1_205' title='bbox 1118 1532 1283 1574; x_wconf 79' lang='lat' dir='ltr'>Olmunoz‚</span> <span class='ocrx_word' id='word_1_206' title='bbox 1314 1533 1432 1575; x_wconf 83' lang='lat' dir='ltr'>Praga,</span> <span class='ocrx_word' id='word_1_207' title='bbox 1455 1532 1577 1575; x_wconf 86' lang='lat' dir='ltr'><strong>Ytigen</strong></span> <span class='ocrx_word' id='word_1_208' title='bbox 1600 1535 1632 1564; x_wconf 87' lang='lat' dir='ltr'>et</span> <span class='ocrx_word' id='word_1_209' title='bbox 1654 1532 1706 1564; x_wconf 86' lang='lat' dir='ltr'>hic</span> <span class='ocrx_word' id='word_1_210' title='bbox 1729 1542 1804 1574; x_wconf 88' lang='lat' dir='ltr'>pro-</span> 
     </span>
     <span class='ocr_line' id='line_1_62' title="bbox 458 1584 1803 1628; baseline -0.002 -10"><span class='ocrx_word' id='word_1_211' title='bbox 458 1589 596 1628; x_wconf 81' lang='lat' dir='ltr'>curator,</span> <span class='ocrx_word' id='word_1_212' title='bbox 616 1588 708 1628; x_wconf 85' lang='lat'>1481,</span> <span class='ocrx_word' id='word_1_213' title='bbox 734 1586 774 1618; x_wconf 87' lang='lat' dir='ltr'>de</span> <span class='ocrx_word' id='word_1_214' title='bbox 790 1585 982 1627; x_wconf 63' lang='lat' dir='ltr'>Eokenffild,</span> <span class='ocrx_word' id='word_1_215' title='bbox 1005 1595 1091 1628; x_wconf 81' lang='lat' dir='ltr'>mag.</span> <span class='ocrx_word' id='word_1_216' title='bbox 1104 1585 1244 1627; x_wconf 61' lang='lat' dir='ltr'>Wienn..</span> <span class='ocrx_word' id='word_1_217' title='bbox 1261 1585 1398 1617; x_wconf 83' lang='lat' dir='ltr'><strong>multum</strong></span> <span class='ocrx_word' id='word_1_218' title='bbox 1414 1584 1528 1617; x_wconf 84' lang='lat' dir='ltr'><strong>doctus</strong></span> <span class='ocrx_word' id='word_1_219' title='bbox 1544 1587 1577 1617; x_wconf 88' lang='lat' dir='ltr'>et</span> <span class='ocrx_word' id='word_1_220' title='bbox 1592 1584 1751 1626; x_wconf 82' lang='lat' dir='ltr'><strong>benignus</strong></span> <span class='ocrx_word' id='word_1_221' title='bbox 1766 1584 1803 1615; x_wconf 83' lang='lat' dir='ltr'>fr.</span> 
     </span>
    </p>

    <p class='ocr_par' dir='ltr' id='par_1_35' title="bbox 407 1637 864 1670">
     <span class='ocr_line' id='line_1_63' title="bbox 407 1637 864 1670; baseline 0.002 -1"><span class='ocrx_word' id='word_1_222' title='bbox 407 1637 549 1670; x_wconf 82' lang='lat' dir='ltr'><strong>Thomas</strong></span> <span class='ocrx_word' id='word_1_223' title='bbox 572 1649 614 1670; x_wconf 90' lang='lat' dir='ltr'>m.</span> <span class='ocrx_word' id='word_1_224' title='bbox 632 1641 666 1670; x_wconf 85' lang='lat' dir='ltr'>et</span> <span class='ocrx_word' id='word_1_225' title='bbox 688 1649 752 1670; x_wconf 82' lang='lat' dir='ltr'>sao.</span> <span class='ocrx_word' id='word_1_226' title='bbox 772 1639 864 1670; x_wconf 84' lang='lat'>1385.</span> 
     </span>
    </p>

    <p class='ocr_par' dir='ltr' id='par_1_36' title="bbox 406 1689 1031 1732">
     <span class='ocr_line' id='line_1_64' title="bbox 406 1689 1031 1732; baseline 0 -11"><span class='ocrx_word' id='word_1_227' title='bbox 406 1689 590 1731; x_wconf 80' lang='lat' dir='ltr'><strong>Stephanus</strong></span> <span class='ocrx_word' id='word_1_228' title='bbox 614 1689 654 1722; x_wconf 87' lang='lat' dir='ltr'>de</span> <span class='ocrx_word' id='word_1_229' title='bbox 677 1690 788 1723; x_wconf 80' lang='lat' dir='ltr'>Broda</span> <span class='ocrx_word' id='word_1_230' title='bbox 810 1690 899 1732; x_wconf 89' lang='lat' dir='ltr'><strong>prior</strong></span> <span class='ocrx_word' id='word_1_231' title='bbox 920 1689 952 1722; x_wconf 92' lang='lat' dir='ltr'>h.</span> <span class='ocrx_word' id='word_1_232' title='bbox 968 1689 1031 1731; x_wconf 88' lang='lat' dir='ltr'>d.⁵)</span> 
     </span>
    </p>

    <p class='ocr_par' dir='ltr' id='par_1_37' title="bbox 405 1738 1805 1835">
     <span class='ocr_line' id='line_1_65' title="bbox 405 1738 1805 1784; baseline -0.001 -11"><span class='ocrx_word' id='word_1_233' title='bbox 405 1740 626 1773; x_wconf 80' lang='lat' dir='ltr'><strong>Hertmannus</strong></span> <span class='ocrx_word' id='word_1_234' title='bbox 654 1741 817 1784; x_wconf 84' lang='lat' dir='ltr'>quondam</span> <span class='ocrx_word' id='word_1_235' title='bbox 845 1745 951 1774; x_wconf 81' lang='lat' dir='ltr'><strong>reetor</strong></span> <span class='ocrx_word' id='word_1_236' title='bbox 977 1742 1099 1783; x_wconf 79' lang='lat' dir='ltr'><strong>primus</strong></span> <span class='ocrx_word' id='word_1_237' title='bbox 1127 1741 1160 1772; x_wconf 85' lang='lat' dir='ltr'>in</span> <span class='ocrx_word' id='word_1_238' title='bbox 1181 1740 1347 1773; x_wconf 82' lang='lat' dir='ltr'><strong>Pletriach</strong></span> <span class='ocrx_word' id='word_1_239' title='bbox 1375 1743 1408 1773; x_wconf 86' lang='lat' dir='ltr'>et</span> <span class='ocrx_word' id='word_1_240' title='bbox 1430 1740 1518 1782; x_wconf 87' lang='lat' dir='ltr'><strong>prior</strong></span> <span class='ocrx_word' id='word_1_241' title='bbox 1540 1741 1661 1782; x_wconf 88' lang='lat' dir='ltr'><strong>primus</strong></span> <span class='ocrx_word' id='word_1_242' title='bbox 1683 1738 1805 1771; x_wconf 89' lang='lat' dir='ltr'><strong>ibidem</strong></span> 
     </span>
     <span class='ocr_line' id='line_1_66' title="bbox 459 1792 1281 1835; baseline 0 -11"><span class='ocrx_word' id='word_1_243' title='bbox 459 1794 541 1824; x_wconf 88' lang='lat'>1406</span> <span class='ocrx_word' id='word_1_244' title='bbox 565 1793 698 1835; x_wconf 83' lang='lat' dir='ltr'><strong>scilicet,</strong></span> <span class='ocrx_word' id='word_1_245' title='bbox 722 1793 774 1825; x_wconf 93' lang='lat' dir='ltr'>ob.</span> <span class='ocrx_word' id='word_1_246' title='bbox 795 1796 886 1826; x_wconf 88' lang='lat'>1416.</span> <span class='ocrx_word' id='word_1_247' title='bbox 932 1792 1100 1825; x_wconf 83' lang='lat' dir='ltr'><strong>Conradus</strong></span> <span class='ocrx_word' id='word_1_248' title='bbox 1123 1803 1171 1825; x_wconf 87' lang='lat' dir='ltr'>cv.</span> <span class='ocrx_word' id='word_1_249' title='bbox 1192 1794 1281 1824; x_wconf 84' lang='grc'><strong>1421.</strong></span> 
     </span>
    </p>

    <p class='ocr_par' dir='ltr' id='par_1_38' title="bbox 406 1843 999 1886">
     <span class='ocr_line' id='line_1_67' title="bbox 406 1843 999 1886; baseline 0.003 -11"><span class='ocrx_word' id='word_1_250' title='bbox 406 1843 630 1886; x_wconf 82' lang='lat' dir='ltr'><strong>Sigismundus</strong></span> <span class='ocrx_word' id='word_1_251' title='bbox 653 1845 799 1878; x_wconf 87' lang='lat' dir='ltr'><strong>redditus</strong></span> <span class='ocrx_word' id='word_1_252' title='bbox 821 1855 886 1877; x_wconf 84' lang='lat' dir='ltr'>sac.</span> <span class='ocrx_word' id='word_1_253' title='bbox 907 1847 999 1877; x_wconf 87' lang='lat'>1442.</span> 
     </span>
    </p>

    <p class='ocr_par' dir='ltr' id='par_1_39' title="bbox 404 1895 920 1929">
     <span class='ocr_line' id='line_1_68' title="bbox 404 1895 920 1929; baseline 0.002 -2"><span class='ocrx_word' id='word_1_254' title='bbox 404 1895 499 1928; x_wconf 79' lang='lat' dir='ltr'><strong>vitus</strong></span> <span class='ocrx_word' id='word_1_255' title='bbox 522 1896 667 1929; x_wconf 84' lang='lat' dir='ltr'><strong>redditus</strong></span> <span class='ocrx_word' id='word_1_256' title='bbox 691 1900 724 1929; x_wconf 86' lang='lat' dir='ltr'>et</span> <span class='ocrx_word' id='word_1_257' title='bbox 746 1907 809 1929; x_wconf 82' lang='lat' dir='ltr'>sac.</span> <span class='ocrx_word' id='word_1_258' title='bbox 830 1899 920 1929; x_wconf 89' lang='lat'>1417.</span> 
     </span>
    </p>

    <p class='ocr_par' dir='ltr' id='par_1_40' title="bbox 407 1946 1708 1988">
     <span class='ocr_line' id='line_1_69' title="bbox 407 1946 1708 1988; baseline -0.001 -9"><span class='ocrx_word' id='word_1_259' title='bbox 407 1947 577 1980; x_wconf 76' lang='lat' dir='ltr'><strong>oswaldus</strong></span> <span class='ocrx_word' id='word_1_260' title='bbox 599 1959 643 1980; x_wconf 92' lang='lat' dir='ltr'>m.</span> <span class='ocrx_word' id='word_1_261' title='bbox 660 1951 693 1980; x_wconf 87' lang='lat' dir='ltr'>et</span> <span class='ocrx_word' id='word_1_262' title='bbox 715 1958 779 1980; x_wconf 80' lang='lat' dir='ltr'>sao.</span> <span class='ocrx_word' id='word_1_263' title='bbox 825 1948 1006 1981; x_wconf 81' lang='lat' dir='ltr'><strong>Ieronimus</strong></span> <span class='ocrx_word' id='word_1_264' title='bbox 1029 1950 1062 1980; x_wconf 83' lang='lat' dir='ltr'>et</span> <span class='ocrx_word' id='word_1_265' title='bbox 1084 1957 1148 1980; x_wconf 80' lang='lat' dir='ltr'>sac.</span> <span class='ocrx_word' id='word_1_266' title='bbox 1166 1947 1206 1980; x_wconf 84' lang='lat' dir='ltr'>de</span> <span class='ocrx_word' id='word_1_267' title='bbox 1222 1947 1292 1979; x_wconf 90' lang='lat' dir='ltr'><strong>Ybs</strong></span> <span class='ocrx_word' id='word_1_268' title='bbox 1318 1947 1410 1988; x_wconf 79' lang='lat'>1481,</span> <span class='ocrx_word' id='word_1_269' title='bbox 1434 1946 1522 1988; x_wconf 85' lang='lat' dir='ltr'><strong>prius</strong></span> <span class='ocrx_word' id='word_1_270' title='bbox 1544 1949 1580 1978; x_wconf 89' lang='lat' dir='ltr'>ut</span> <span class='ocrx_word' id='word_1_271' title='bbox 1602 1957 1708 1988; x_wconf 84' lang='lat' dir='ltr'>supra.</span> 
     </span>
    </p>

    <p class='ocr_par' dir='ltr' id='par_1_41' title="bbox 406 1996 1158 2033">
     <span class='ocr_line' id='line_1_70' title="bbox 406 1996 1158 2033; baseline 0.001 -3"><span class='ocrx_word' id='word_1_272' title='bbox 406 1996 569 2031; x_wconf 79' lang='lat' dir='ltr'><strong>Michahel</strong></span> <span class='ocrx_word' id='word_1_273' title='bbox 592 1999 632 2032; x_wconf 85' lang='lat' dir='ltr'>de</span> <span class='ocrx_word' id='word_1_274' title='bbox 648 1999 789 2033; x_wconf 80' lang='lat' dir='ltr'><strong>Wienna</strong></span> <span class='ocrx_word' id='word_1_275' title='bbox 813 1999 959 2032; x_wconf 85' lang='lat' dir='ltr'><strong>redditus</strong></span> <span class='ocrx_word' id='word_1_276' title='bbox 982 2010 1046 2032; x_wconf 84' lang='lat' dir='ltr'>sac.</span> <span class='ocrx_word' id='word_1_277' title='bbox 1067 2001 1158 2031; x_wconf 88' lang='lat'>1477.</span> 
     </span>
    </p>
   </div>
   <div class='ocr_carea' id='block_1_20' title="bbox 252 2118 1492 2154">
    <p class='ocr_par' dir='ltr' id='par_1_42' title="bbox 252 2118 1492 2154">
     <span class='ocr_line' id='line_1_71' title="bbox 252 2118 1492 2154; baseline -0.001 -9"><span class='ocrx_word' id='word_1_278' title='bbox 252 2120 276 2152; x_wconf 55' lang='grc' dir='ltr'>ὓ)</span> <span class='ocrx_word' id='word_1_279' title='bbox 294 2119 457 2146; x_wconf 66' lang='lat' dir='ltr'><strong>Praecedens</strong></span> <span class='ocrx_word' id='word_1_280' title='bbox 474 2120 551 2146; x_wconf 69' lang='lat' dir='ltr'><strong>huius</strong></span> <span class='ocrx_word' id='word_1_281' title='bbox 568 2124 644 2147; x_wconf 79' lang='lat' dir='ltr'>notae</span> <span class='ocrx_word' id='word_1_282' title='bbox 661 2129 726 2154; x_wconf 72' lang='lat' dir='ltr'>pare</span> <span class='ocrx_word' id='word_1_283' title='bbox 743 2121 828 2147; x_wconf 78' lang='lat' dir='ltr'>colore</span> <span class='ocrx_word' id='word_1_284' title='bbox 845 2121 924 2146; x_wconf 77' lang='lat' dir='ltr'><em>rubro</em></span> <span class='ocrx_word' id='word_1_285' title='bbox 942 2120 1046 2153; x_wconf 66' lang='lat' dir='ltr'>scripta.</span> <span class='ocrx_word' id='word_1_286' title='bbox 1151 2118 1176 2152; x_wconf 82' lang='lat' dir='ltr'>b)</span> <span class='ocrx_word' id='word_1_287' title='bbox 1196 2119 1257 2146; x_wconf 78' lang='lat'>0001.</span> <span class='ocrx_word' id='word_1_288' title='bbox 1293 2119 1380 2145; x_wconf 65' lang='lat' dir='ltr'>Gom:</span> <span class='ocrx_word' id='word_1_289' title='bbox 1397 2119 1492 2153; x_wconf 78' lang='lat' dir='ltr'>plures.</span> 
     </span>
    </p>
   </div>
   <div class='ocr_carea' id='block_1_21' title="bbox 148 2194 1803 2278">
    <p class='ocr_par' dir='ltr' id='par_1_43' title="bbox 148 2194 1803 2278">
     <span class='ocr_line' id='line_1_72' title="bbox 254 2194 1803 2230; baseline -0.001 -8"><span class='ocrx_word' id='word_1_290' title='bbox 254 2197 275 2229; x_wconf 87' lang='lat'>¹)</span> <span class='ocrx_word' id='word_1_291' title='bbox 298 2195 421 2230; x_wconf 79' lang='lat' dir='ltr'>Ortolfus</span> <span class='ocrx_word' id='word_1_292' title='bbox 433 2195 473 2223; x_wconf 85' lang='grc' dir='ltr'>ΙΙ.</span> <span class='ocrx_word' id='word_1_293' title='bbox 488 2199 657 2224; x_wconf 78' lang='lat'>1392—1395.</span> <span class='ocrx_word' id='word_1_294' title='bbox 741 2197 761 2230; x_wconf 81' lang='lat'>²)</span> <span class='ocrx_word' id='word_1_295' title='bbox 780 2199 956 2230; x_wconf 75' lang='lat'>1342—1344,</span> <span class='ocrx_word' id='word_1_296' title='bbox 970 2204 1023 2230; x_wconf 73' lang='lat' dir='ltr'>quo</span> <span class='ocrx_word' id='word_1_297' title='bbox 1034 2204 1110 2223; x_wconf 77' lang='lat' dir='ltr'>anno</span> <span class='ocrx_word' id='word_1_298' title='bbox 1121 2195 1160 2223; x_wconf 86' lang='lat' dir='ltr'>ob.</span> <span class='ocrx_word' id='word_1_299' title='bbox 1249 2197 1271 2230; x_wconf 83' lang='lat'>⁸)</span> <span class='ocrx_word' id='word_1_300' title='bbox 1289 2195 1386 2223; x_wconf 52' lang='lat' dir='ltr'><strong>Petrus</strong></span> <span class='ocrx_word' id='word_1_301' title='bbox 1398 2195 1438 2223; x_wconf 90' lang='lat' dir='ltr'>II.</span> <span class='ocrx_word' id='word_1_302' title='bbox 1452 2197 1624 2223; x_wconf 77' lang='lat'>1395—1405.</span> <span class='ocrx_word' id='word_1_303' title='bbox 1708 2196 1729 2228; x_wconf 72' lang='lat'>⁴)</span> <span class='ocrx_word' id='word_1_304' title='bbox 1754 2194 1803 2222; x_wconf 82' lang='lat' dir='ltr'>Ux.</span> 
     </span>
     <span class='ocr_line' id='line_1_73' title="bbox 148 2237 848 2278; baseline 0.004 -14"><span class='ocrx_word' id='word_1_305' title='bbox 148 2237 251 2265; x_wconf 65' lang='lat' dir='ltr'>Alban-ti</span> <span class='ocrx_word' id='word_1_306' title='bbox 268 2237 311 2265; x_wconf 88' lang='lat' dir='ltr'>II.</span> <span class='ocrx_word' id='word_1_307' title='bbox 330 2238 370 2266; x_wconf 86' lang='lat' dir='ltr'>ob.</span> <span class='ocrx_word' id='word_1_308' title='bbox 383 2247 408 2266; x_wconf 88' lang='lat' dir='ltr'>a.</span> <span class='ocrx_word' id='word_1_309' title='bbox 422 2242 492 2267; x_wconf 88' lang='lat'>1351.</span> <span class='ocrx_word' id='word_1_310' title='bbox 600 2241 620 2273; x_wconf 75' lang='lat'>⁶)</span> <span class='ocrx_word' id='word_1_311' title='bbox 640 2242 808 2278; x_wconf 75' lang='lat'>1375—1380.</span> <span class='ocrx_word' id='word_1_312' title='bbox 845 2276 848 2278; x_wconf 19' lang='grc' dir='ltr'><em>Β</em></span> 
     </span>
    </p>
   </div>
  </div>
 </body>
</html>
