2150 3178
298 178 469 206 ANNALES
485 178 641 206 NECROL.
654 177 834 205 FRATRUM
853 176 1029 204 MINORUM
1048 177 1097 204 AD
1115 177 1140 204 S.
1154 176 1408 205 HIERONYMUM
1427 177 1630 206 VINDOBON.
1729 180 1786 212 281

242 265 274 292 A.
289 265 314 292 d.
329 265 408 292 1486:
434 265 466 292 fr.
480 263 668 291 Bernardinus
687 264 721 291 de
739 263 905 299 Ingolstatt,
931 262 1135 290 zelantissimus
1153 262 1310 298 religionis,
1336 264 1499 292 excellentis
1518 264 1661 292 doctrinae
1679 273 1712 292 ac
1732 273 1791 300 pre-

138 308 248 336 dicator
264 308 350 336 etiam
364 307 568 340 celeberrimus,
587 307 635 341 qui
645 306 772 334 Viennae
785 306 829 333 ob.
842 305 917 333 inter
930 305 1148 340 praedicandum
1162 306 1236 333 circa
1248 307 1370 334 medium
1382 307 1622 342 quadragesimae,
1640 307 1792 342 aliquando

139 351 260 379 vicarius
272 350 442 386 provinciae,
455 350 488 378 fr.
497 350 645 377 Marcellus
658 350 692 377 de
702 349 803 377 Libera
813 348 946 380 civitate,
959 357 1014 376 sac.
1025 357 1110 383 purus
1119 350 1149 376 et
1157 348 1284 384 simplex,
1297 349 1412 385 Vienne,
1424 350 1455 377 fr.
1463 350 1577 377 Alexius
1589 350 1623 378 de
1631 351 1753 378 Bavaria
1766 352 1792 384 1.‚

137 394 263 429 lapicida
280 393 310 420 in
329 393 471 426 Paradiso,
489 394 520 420 fr.
535 393 658 420 Thomas
676 393 711 420 de
729 392 877 420 Ctzwettel
896 392 923 424 1.,
942 393 1034 419 sartor
1051 392 1079 418 in
1098 392 1239 427 Pupping.
1274 392 1399 420 Summa:
1417 394 1442 420 4.

243 437 274 464 A.
285 437 311 464 d.
323 437 402 464 1487:
422 438 455 464 fr.
465 436 660 471 Sigismundus
674 436 707 463 de
720 435 887 470 Saltzburgo
898 443 954 462 sac.
966 435 1192 470 Iudnburgensis,
1204 436 1235 462 fr.
1245 435 1428 463 Henricus.de
1441 436 1548 463 Corona
1561 436 1579 463 l.
1592 437 1793 471 carpentarius,

137 481 170 508 fr.
182 480 342 515 Stephanus
365 479 399 506 de
422 479 536 514 Septem
555 478 661 506 Castris
683 479 701 506 l.
718 479 896 513 procurator,
921 478 1004 505 ambo
1023 477 1161 510 Viennae,
1188 478 1221 505 fr.
1239 478 1359 506 Michael
1382 479 1416 506 de
1434 479 1513 506 Wels
1535 488 1590 506 sac.
1610 480 1793 515 Noviburgio,

138 524 170 551 fr.
183 523 344 558 Hypolytus
363 523 396 550 de
416 522 515 554 Tulna,
535 531 589 549 sac.
603 522 692 549 bonus
711 523 740 548 et
757 521 904 556 religiosus
923 522 952 548 et
970 529 1054 555 saepe
1073 521 1265 556 guard(ian)us
1284 521 1312 548 in
1325 521 1444 556 Puping,
1464 522 1496 549 fr.
1512 522 1627 550 Ioannes
1646 523 1679 550 de
1692 523 1794 551 Suevia

119 578 123 580 ·
138 575 193 594 sac.
207 575 240 594 ex
258 565 403 601 provincia
422 565 578 601 Argentine
590 564 719 600 Wienne.
755 564 880 592 Summa:
899 565 924 592 6.

95 660 119 679 1⁰

92 874 116 893 1⁶

90 1304 114 1324 25

90 1518 115 1538 30

88 1734 113 1754 85

86 2163 111 2182 ⁴15

87 2378 112 2398 ⁵⁰

86 2594 110 2612 55

242 610 274 637 A.
285 610 311 636 d.
322 609 401 636 1488:
421 610 452 636 fr.
465 609 589 643 Angelus
601 608 635 635 de
648 607 813 643 Kurchslag,
832 607 961 635 columna
974 607 1142 642 provinciae,
1163 607 1205 634 vir
1217 607 1315 642 utique
1328 608 1415 645 multe
1429 607 1609 643 experientie,
1627 609 1675 642 qui
1688 610 1794 644 pluries

137 652 320 680 laudabiliter
343 651 516 687 provinciam
538 651 612 679 rexit
635 651 664 678 in
687 650 840 678 vicariatus
862 650 954 678 officio
978 652 1007 677 et
1030 650 1073 677 ob.
1092 650 1122 677 in
1140 650 1232 677 officio
1250 650 1293 677 sui
1312 650 1464 678 vicariatus
1483 650 1582 685 vigilia
1603 653 1792 686 apostolorum

136 695 265 730 Philippi
284 696 314 722 et
332 694 435 726 Iacobi,
454 695 581 729 sepultus
600 694 629 721 in
648 693 767 722 ecclesia
785 693 864 720 iuxta
882 699 927 728 p⁰=
945 701 1030 728 supra
1048 693 1167 727 scriptos
1185 693 1441 727 Bonaventuram&
1460 695 1489 721 et
1506 694 1709 721 Ber-nardinum
1716 696 1740 727 b)
1760 696 1794 723 de

138 738 303 774 Ingolstatt‚
330 738 384 765 fuit
407 746 518 772 quoque
542 737 570 764 in
589 737 674 764 Terra
693 737 806 768 Sancta,
826 736 959 764 Viennae.
996 736 1039 764 Fr.
1052 737 1169 764 Ioannes
1187 736 1419 764 Biberschneider
1437 737 1466 769 1.,
1491 737 1544 764 civ.
1561 737 1665 764 ibidem
1684 740 1712 765 et
1730 738 1794 764 frum

137 782 284 816 patronus,
312 782 411 815 postea
429 780 533 808 aetatis
552 789 618 808 suae
636 788 662 807 a.
675 780 716 807 80.
735 779 859 807 ordinem
881 780 1022 815 ingressus
1041 780 1210 814 comparatis
1228 779 1356 807 domibus
1373 788 1423 815 pro
1442 780 1503 807 loco
1522 780 1548 807 Si
1567 781 1705 815 Hypolyti
1724 782 1795 809 vixit

136 824 166 851 in
178 823 275 852 ordine
288 824 322 850 23
334 823 414 851 annis
426 823 495 851 satis
507 823 585 851 bene.
616 823 659 851 Fr.
670 822 832 850 Dominicus
845 831 908 855 sac„
927 823 1032 850 virtute
1046 823 1153 850 silentii
1166 825 1194 850 et
1207 823 1341 850 orationis
1354 823 1488 857 preditus,
1502 823 1617 859 Vienne,
1637 824 1669 851 fr.
1679 825 1795 852 Alexius

136 868 170 895 de
182 866 316 894 Nusdorff
325 875 388 899 sac„
405 866 545 901 quondam
557 866 586 893 in
599 866 700 898 seculo,
714 874 769 893 sac.
783 866 811 892 in
825 866 901 894 senio
914 866 1062 901 ingressus,
1075 866 1166 893 finivit
1179 866 1361 894 laudabiliter
1373 867 1529 901 Egnburge,
1549 867 1580 893 fr.
1594 867 1759 895 Pancratius
1773 869 1791 896 l.

136 919 199 938 nov.
211 910 329 948 Vienne.
366 910 491 937 Summa:
510 911 534 937 5.

240 954 273 981 A.
287 953 313 980 d.
328 952 408 980 1489:
433 953 464 980 fr.
479 952 620 980 Fabianus
639 952 673 980 de
691 952 824 987 Ungaria,
844 961 899 979 sac.
919 961 992 979 anno
1011 952 1147 987 superiori
1165 953 1209 987 ad.
1220 952 1394 987 provinciam
1412 955 1542 987 receptus
1560 955 1603 980 est
1621 954 1650 980 in
1667 956 1792 989 generali

137 996 276 1032 capitulo,
306 996 445 1024 confessor
463 995 596 1027 Viennae,
625 996 656 1023 fr.
678 995 854 1024 Innocentius
879 995 897 1023 l.
915 995 1051 1027 Viennae,
1079 995 1111 1022 fr.
1130 995 1255 1022 Andreas
1278 996 1418 1022 consessor
1444 996 1490 1022 (1Μ
1515 996 1654 1024 Beatricis
1677 998 1791 1032 reginae

136 1039 307 1074 Hungariae,
326 1039 425 1074 plenus
443 1038 557 1070 dierum,
578 1038 620 1065 vir
637 1047 739 1074 magne
757 1038 947 1074 perfectioniS,
967 1038 1126 1072 frequenter
1143 1038 1173 1064 in
1191 1040 1388 1066 manutenens
1400 1047 1485 1073 opera
1498 1039 1574 1066 Scoti
1586 1039 1623 1066 ad
1635 1040 1791 1075 legendum,

138 1082 184 1110 cui
202 1082 234 1109 d·
253 1082 351 1117 regina
370 1081 438 1109 fecit
456 1078 589 1115 exequias
607 1081 727 1108 maximo
746 1081 886 1116 quondam
905 1083 1046 1116 apparatu
1064 1085 1093 1108 et
1105 1081 1200 1116 posuit
1212 1081 1241 1107 in
1254 1081 1351 1108 tumba
1365 1081 1472 1116 duplici
1485 1084 1551 1109 ante
1564 1082 1655 1110 altare
1667 1083 1689 1109 si
1702 1084 1791 1112 Theo-

135 1125 221 1159 baldi,
240 1127 273 1152 ut
290 1125 373 1152 hodie
393 1124 522 1156 cernitur,
541 1125 623 1152 modo
641 1133 692 1159 per
709 1125 834 1160 reginam
853 1124 890 1151 ad
902 1124 1056 1159 Ungan'am
1068 1125 1209 1155 devectus,
1222 1123 1358 1152 Viennae.
1390 1125 1431 1151 Fr.
1445 1125 1659 1161 Bartholomeus
1675 1126 1710 1154 de
1723 1127 1792 1155 Retz

135 1177 203 1201 sac„
227 1169 317 1196 bonus
336 1170 433 1195 cantor
451 1169 480 1195 et
497 1169 596 1199 rector,
612 1167 753 1200 Viennae,
778 1168 809 1195 fr.
822 1167 948 1195 Andreas
966 1167 1000 1195 de
1018 1167 1087 1194 Retz
1105 1175 1173 1199 sac.⁷
1199 1167 1360 1202 predicator
1377 1169 1406 1194 et
1425 1167 1468 1194 vir
1484 1167 1576 1202 utilis,
1599 1168 1732 1202 Viennae,
1758 1170 1790 1197 fr.

134 1211 256 1239 Miehael
275 1211 309 1239 de
329 1211 500 1245 Noviburga‚
520 1210 584 1238 cler.
603 1210 632 1238 in
651 1211 738 1243 Lews,
762 1210 794 1238 fr.
807 1210 906 1238 Daniel
925 1210 959 1237 de
977 1210 1145 1238 Schlavonia
1163 1210 1181 1237 l.
1195 1210 1311 1246 Vienne,
1336 1211 1367 1237 fr.
1380 1210 1574 1246 Wolffgangus
1592 1212 1626 1239 de
1645 1211 1792 1248 Gumpels-

133 1255 273 1283 kuerchen
292 1255 323 1287 1.,
350 1255 382 1282 fr.
395 1254 511 1281 Iacobus
533 1253 567 1281 de
586 1253 692 1281 Sclesia
714 1262 781 1286 sae,
810 1254 842 1281 fr.
856 1254 996 1281 Romanus
1019 1253 1052 1281 de
1072 1253 1167 1288 Styx-ia
1185 1253 1216 1285 1.,
1244 1254 1276 1280 fr.
1291 1253 1424 1280 Nicolaus
1448 1254 1481 1281 de
1500 1253 1630 1282 Picardia
1654 1256 1731 1289 cler.‚
1760 1258 1792 1284 fr.

133 1297 269 1326 Eusebius
291 1298 325 1324 de
344 1297 510 1332 Rattnbang
528 1305 596 1329 sac.¹
623 1297 717 1332 gratia
735 1297 868 1332 loquendi
885 1297 1019 1330 famosus,
1045 1297 1075 1323 fr.
1091 1297 1207 1324 Iacobus
1226 1297 1260 1324 de
1280 1297 1402 1329 Prussia,
1429 1297 1447 1324 l.
1467 1297 1548 1325 valde
1566 1298 1734 1333 laboriosus,
1760 1301 1791 1327 fr.

132 1340 328 1376 Wolffgangus
346 1340 380 1368 de
401 1339 492 1372 Wels,
518 1340 583 1367 cler.
601 1340 741 1374 quondam
760 1340 964 1372 conventualis,
990 1339 1030 1366 hii
1052 1348 1146 1367 omnes
1164 1339 1280 1375 Vienne.
1317 1340 1360 1367 Fr.
1375 1340 1506 1375 Baptista
1525 1341 1559 1368 de
1578 1342 1669 1369 Anaso
1688 1351 1743 1370 sac.
1762 1343 1790 1370 in

133 1383 300 1412 Lancowitz.
338 1383 463 1410 Summa:
482 1383 523 1410 15.

235 1428 268 1454 A.
282 1427 400 1454 d.1490:
424 1427 457 1454 fr.
470 1426 621 1454 Gratianus
639 1426 658 1454 l.
677 1426 707 1452 in
726 1426 893 1458 Lancowitz,
919 1427 951 1453 fr.
965 1426 1102 1454 Antonius
1121 1426 1155 1453 de
1173 1427 1265 1454 Anaso
1284 1435 1347 1459 sac„
1371 1427 1459 1454 bonus
1479 1428 1583 1459 cantor,
1603 1427 1632 1454 in
1650 1428 1791 1464 Pupping,

132 1471 165 1497 fr.
178 1469 343 1497 Franciscus
361 1469 394 1496 de
413 1469 575 1504 Burgundia
593 1478 648 1496 sac.
665 1470 695 1496 in
708 1469 997 1504 Ruedolphswerdffl),
1015 1469 1047 1498 fr.
1061 1470 1179 1496 Ioannes
1197 1469 1232 1497 de
1245 1469 1362 1497 Colonia
1380 1478 1434 1497 sac.
1448 1470 1477 1496 in
1487 1470 1607 1506 Puping,
1627 1471 1658 1498 fr.
1671 1471 1790 1499 Leonar-

133 1514 184 1540 dus
202 1513 220 1541 l.
238 1514 328 1541 sartor
346 1512 483 1545 Viennae,
511 1513 542 1540 fr.
557 1512 722 1540 Vincentius
741 1513 775 1540 de
793 1512 915 1545 Olmutz,
945 1513 1068 1547 optimus
1086 1521 1178 1545 senex,
1198 1512 1318 1548 Vienne,
1344 1513 1377 1540 fr.
1390 1512 1547 1541 Felicianus
1566 1514 1592 1546 1.,
1610 1513 1730 1550 Vienne,
1758 1516 1791 1543 fr.

133 1557 250 1584 Ioannes
268 1556 303 1583 de
321 1555 464 1583 Gmundtn
482 1564 546 1588 sac„
566 1557 676 1583 amator
693 1555 870 1591 paupertatis
889 1558 918 1584 et
937 1556 1060 1591 optimus
1079 1556 1225 1588 confessor,
1244 1556 1300 1583 fuit
1317 1556 1404 1583 etiam
1423 1556 1451 1583 in
1470 1556 1556 1584 Terra
1567 1557 1680 1590 Sancta,
1699 1559 1743 1586 ob.
1761 1559 1790 1586 in

133 1599 360 1634 Rudolphswert,
387 1599 419 1626 fr.
432 1598 536 1626 Michel
559 1599 593 1626 de
611 1598 734 1626 Batavia
756 1607 811 1626 sac.
831 1598 1077 1631 Lancowitzensis‚
1102 1599 1133 1626 fr.
1147 1599 1286 1627 Antonius
1309 1599 1343 1626 de
1362 1599 1515 1634 Ingelstatt
1537 1609 1606 1633 sac.‚
1631 1601 1791 1636 frequenter

132 1642 331 1677 guard(ian)us‚
350 1641 510 1676 predicator
527 1641 623 1674 bonus,
636 1641 752 1669 Vienne.
788 1641 912 1673 Summa:
932 1642 972 1669 10.

235 1687 268 1712 A.
282 1685 307 1712 d.
322 1685 401 1712 1491:
425 1685 456 1711 fn
470 1684 592 1712 Michael
611 1685 645 1712 de
663 1685 778 1712 Lusatia
797 1685 868 1712 diac.
887 1685 1045 1712 caecutiens
1063 1685 1157 1712 hausit
1175 1694 1264 1720 aquas
1282 1685 1311 1712 in
1330 1685 1406 1713 dicto
1425 1686 1485 1713 loco
1505 1695 1591 1721 usque
1610 1687 1645 1714 ad
1664 1690 1789 1721 mortem,

134 1728 304 1763 Noviburgi,
332 1728 364 1755 fr.
378 1727 502 1754 Andreas
525 1727 559 1755 de
577 1727 689 1762 Septem
710 1727 815 1755 Castris
834 1728 851 1755 l.
871 1727 1063 1763 Radegundis,
1089 1728 1121 1755 fr.
1135 1727 1299 1756 Christoffus
1322 1729 1356 1756 de
1375 1728 1483 1756 Staintz
1507 1738 1574 1761 sac.,
1599 1730 1790 1765 guar(dian)us

132 1771 244 1803 ibidem,
264 1771 386 1806 optimus
406 1770 512 1803 iurista
531 1770 691 1805 predicator
709 1772 738 1798 et
757 1770 902 1802 confessor,
926 1770 955 1797 in
974 1770 1035 1798 loco
1054 1770 1233 1806 Pupingensi,
1253 1771 1284 1798 fr.
1298 1771 1421 1798 Thomas
1439 1771 1472 1798 de
1491 1771 1638 1806 Mylldorff
1652 1773 1679 1805 1.,
1699 1775 1790 1800 sartor

132 1815 160 1842 in
172 1814 261 1847 Lews,
280 1815 313 1842 fr.
325 1814 424 1842 Petrus
442 1814 475 1841 de
488 1813 622 1841 Gettsehe
634 1814 652 1840 l.
666 1813 695 1840 in
708 1813 826 1846 Labaeo,
846 1814 877 1841 fr.
891 1814 1035 1841 Mattheus
1047 1814 1081 1841 de
1096 1813 1175 1841 Lintz
1187 1822 1250 1845 sac.⁷
1270 1813 1459 1848 predicator),
1473 1814 1607 1846 Viennae,
1626 1815 1658 1842 fr.
1671 1816 1790 1844 Ioannes

132 1858 166 1885 de
185 1857 298 1892 Septem
318 1856 423 1884 Castris
441 1865 505 1890 sac„
524 1858 633 1884 amator
651 1855 790 1891 virg(inis)
808 1855 937 1891 gloriose,
962 1856 1004 1883 vir
1022 1856 1139 1884 devotus
1158 1858 1187 1884 et
1205 1856 1347 1892 pacificus,
1372 1856 1399 1884 Si
1415 1857 1564 1891 Ypolythi,
1588 1858 1620 1885 fr.
1634 1858 1790 1893 Cyprianus

133 1909 196 1934 sac„
215 1900 395 1936 predic(ator)
413 1901 442 1928 et
460 1900 606 1932 confessor,
625 1899 741 1935 Vienne,
760 1900 792 1926 fr.
805 1899 949 1934 Remigius
967 1899 994 1931 1.,
1014 1899 1187 1932 hortulanus,
1206 1899 1235 1926 in
1254 1900 1395 1927 Paradiso.
1432 1899 1557 1927 Summa:
1578 1902 1602 1929 9.

235 1946 266 1971 A.
281 1943 308 1971 d.
321 1943 401 1970 14922
422 1943 454 1970 fr.
467 1942 646 1970 Marcellinus
664 1943 698 1969 de
710 1942 822 1970 Vienna
840 1951 895 1969 sac.
908 1942 936 1969 in
952 1942 1037 1975 Lews,
1055 1942 1088 1969 fr.
1102 1942 1288 1970 Colomannus
1301 1951 1357 1971 sac.
1370 1943 1399 1969 in
1413 1943 1531 1975 Labaco,
1550 1944 1581 1970 fr.
1592 1943 1789 1980 Wolffgangus

130 1988 164 2014 de
176 1987 305 2014 Schwatz
324 1987 342 2014 l.
356 1986 384 2013 in
397 1985 538 2021 Pupping,
556 1986 588 2012 fr.
602 1985 733 2013 Urbanus
751 1985 769 2012 l.
783 1985 950 2020 exemplaris
969 1985 1027 2021 vite
1045 1987 1074 2012 et
1093 1994 1155 2012 cum
1171 1994 1273 2021 magna
1286 1985 1426 2014 charitate
1439 1986 1567 2021 pluribus
1579 1987 1662 2014 annis
1673 1989 1790 2016 servivit

132 2030 247 2057 infirmis
259 2030 376 2065 Vienne,
395 2030 427 2056 fr.
441 2029 542 2064 Ioseph
555 2029 582 2061 1.,
601 2029 689 2056 bonus
702 2037 792 2062 cocus,
804 2028 937 2062 Viennae,
956 2028 987 2055 fr.
1002 2028 1128 2056 Clemens
1141 2029 1174 2055 de
1187 2028 1328 2063 Amberga
1340 2037 1403 2062 sac„
1417 2029 1466 2056 ‘vir
1478 2038 1597 2064 magnae
1609 2030 1789 2063 humilitatis,

132 2073 321 2108 predic(at0r)‚
346 2073 512 2106 quandoque
530 2072 618 2100 lector
635 2072 700 2098 frum
719 2072 847 2099 omnibus
864 2072 942 2098 fribus
960 2074 1101 2106 acceptus,
1127 2072 1171 2099 ob.
1187 2072 1277 2099 socius
1296 2072 1358 2099 vicii
1377 2072 1498 2100 existens
1516 2072 1632 2110 Vienne,
1657 2074 1690 2102 fr.
1703 2074 1789 2108 Chry-

133 2117 249 2144 santhus
268 2108 322 2143 sac.
336 2115 453 2151 Vienne,
472 2115 504 2143 fr.
517 2115 686 2143 Benedictus
704 2115 722 2141 1.
738 2114 851 2150 Vienne‚
869 2115 902 2142 fr.
917 2115 1070 2142 Bernardus
1089 2115 1107 2143 l.
1121 2115 1150 2142 in
1169 2115 1256 2143 Lews.
1292 2115 1418 2142 Summa:
1437 2115 1462 2144 9.

234 2159 267 2187 A.
281 2159 306 2186 d.
322 2158 401 2186 1493:
420 2158 453 2186 fr.
466 2158 615 2193 Gregorius
633 2158 667 2185 de
680 2157 866 2191 Waidhoffen,
885 2158 1002 2186 devotus
1021 2158 1208 2193 predic(ator)¹
1227 2167 1290 2191 sac..
1310 2159 1415 2186 zelator
1433 2158 1588 2186 altissimae
1601 2160 1787 2195 paupertatis,

131 2203 172 2230 vir
190 2203 279 2230 bonae
299 2201 498 2233 conscientiae,
523 2201 553 2228 in
571 2201 699 2228 omnibus
717 2201 849 2229 obediens
866 2201 1088 2236 exemplarisque
1108 2202 1197 2234 vitae,
1215 2201 1332 2228 Vienne.
1368 2201 1412 2228 Fr.
1426 2202 1543 2229 Iacobus
1563 2202 1597 2229 de
1616 2203 1707 2235 Lews,
1733 2213 1789 2231 sac.

130 2245 325 2273 devotissimus
344 2246 373 2272 et
390 2244 573 2276 humillimus,
592 2244 753 2280 Egnburge,
778 2244 810 2271 fr.
824 2243 952 2271 Cesarius
971 2244 1004 2271 de
1022 2244 1097 2279 Egra
1115 2253 1169 2272 sac.
1183 2244 1211 2271 in
1230 2244 1321 2276 Lews,
1346 2244 1379 2271 fr.
1390 2245 1514 2280 Masseus
1533 2244 1567 2272 de
1586 2245 1741 2273 Franconia
1761 2246 1787 2279 1.,

129 2289 219 2315 sartor
237 2288 333 2319 bonus,
352 2287 382 2314 in
400 2287 541 2322 Pupping.
577 2287 702 2314 Summa:
720 2288 746 2314 4.

232 2331 265 2358 A.
278 2330 304 2358 d.
319 2330 398 2358 1494:
417 2330 450 2358 fr.
463 2330 604 2358 Conradus
622 2330 656 2357 de
668 2329 790 2357 Bavaria
807 2329 826 2357 l.
840 2330 1065 2364 Iudnburgensis,
1083 2330 1116 2358 fr.
1129 2330 1266 2358 Eusebius
1282 2338 1337 2357 sac.
1351 2330 1421 2358 bene
1434 2330 1541 2364 doctus,
1559 2330 1654 2365 gratia
1667 2331 1787 2358 affabili-

129 2374 200 2402 tatis
217 2373 370 2409 praeditae,
392 2373 422 2400 in
440 2373 548 2405 Graetz,
573 2373 606 2401 fr.
619 2373 754 2400 Nicolaus
771 2381 826 2400 sac.
840 2373 870 2400 in
889 2373 1000 2400 Labaco
1008 2374 1036 2407 ²),
1060 2374 1092 2400 fr.
1105 2372 1301 2408 Wolffgangus
1319 2373 1353 2401 de
1371 2373 1496 2401 Weittra
1514 2382 1578 2406 sac„
1602 2374 1645 2400 vir
1662 2374 1787 2408 devotus,

129 2417 287 2453 Egnburge,
306 2417 339 2444 fr.
352 2416 477 2444 Andreas
495 2417 530 2444 de
543 2417 622 2444 Lews
640 2416 753 2445 circiter
771 2416 820 2444 100
839 2425 981 2448 annorum,
1001 2416 1043 2443 vir
1061 2416 1263 2449 devotissimus,
1282 2426 1353 2444 unus
1371 2417 1405 2444 de
1423 2416 1521 2445 electis
1534 2417 1631 2452 primis
1643 2417 1787 2452 lapidibus

129 2459 311 2496 angularibus
334 2459 508 2494 provinciae,
533 2460 668 2487 orationis
690 2460 785 2495 gratia
802 2459 984 2495 singulariter
1002 2460 1093 2487 clarus
1111 2461 1141 2487 et
1158 2459 1315 2495 praeditus,
1341 2460 1371 2487 in
1390 2460 1536 2494 provincia
1554 2460 1676 2487 nondum
1695 2460 1785 2487 divisa

130 2503 192 2537 vic.¹
210 2503 260 2531 ubi
279 2502 374 2530 omnia
392 2503 455 2530 loca
472 2503 602 2538 pedester
621 2503 757 2535 visitavit,
775 2503 870 2538 sepius
888 2503 1088 2538 guar(dian)us,
1108 2505 1173 2538 post
1190 2502 1386 2530 miraculosam
1406 2503 1439 2530 10
1457 2502 1565 2530 dierum
1583 2502 1785 2530 abstinentiam

129 2546 158 2573 in
177 2555 227 2574 sua
245 2546 408 2573 infirmitate
426 2545 549 2581 feliciter
567 2545 737 2573 obdormivit
747 2546 863 2582 Vienne.
899 2546 942 2573 Fr.
954 2545 1097 2573 Marianus
1115 2546 1150 2574 de
1168 2545 1289 2573 Bavaria
1307 2554 1371 2578 sac„
1390 2545 1484 2580 sepius
1496 2545 1691 2581 guard(ian)us
1709 2547 1737 2573 et
1756 2546 1784 2573 in

130 2589 253 2623 activae)
266 2589 363 2622 bonus,
377 2589 494 2624 Vienne,
513 2589 545 2616 fr.
560 2589 638 2616 Felix
651 2590 677 2622 1.,
696 2589 802 2624 primus
815 2590 962 2617 defunctus
980 2589 1009 2616 in
1019 2589 1162 2625 Velsperg,
1180 2589 1212 2616 fr.
1223 2589 1351 2624 Raphael
1364 2589 1398 2616 de
1411 2588 1537 2616 Schlesia
1549 2597 1614 2622 sac„
1632 2588 1710 2624 prius
1723 2597 1784 2617 can.

233 2693 257 2726 ²⁸)
275 2695 458 2719 Bonaventure
476 2694 532 2720 cod.
637 2693 662 2726 ¹²)
681 2695 832 2720 Bernardini
850 2695 906 2721 cod.
1012 2694 1035 2726 o)
1055 2694 1110 2719 Sa.-
1128 2695 1191 2721 vita.

235 2762 255 2794 ¹)
275 2760 436 2788 Goenobimn
453 2762 484 2788 im
496 2761 679 2795 Rudolsswert
696 2762 727 2788 im
742 2761 871 2789 Garniola
888 2770 908 2790 s.
921 2761 1065 2789 Leonardo
1082 2761 1234 2788 dedicatam
1252 2763 1318 2788 erat.
1407 2762 1428 2795 ²)
1447 2761 1483 2787 In
1499 2761 1622 2788 coenobio
1639 2769 1659 2788 s.
1673 2761 1783 2788 Mariae

130 2805 160 2830 in
179 2804 262 2831 coeloe
278 2807 431 2838 assumptae
449 2804 552 2832 Labaci
571 2805 691 2832 dedicato
708 2805 739 2832 in
758 2804 895 2832 Camiola.

233 2855 317 2883 Nava.
330 2855 435 2883 Psuv.
1542 2857 1575 2883 36
