2150 3178
567 187 831 215 NECROLOGIUM
849 187 1038 216 CANONIAE
1056 187 1104 214 AD
1123 188 1148 216 S.
1162 187 1413 215 HIPPOLYTUM.
1754 191 1817 220 477

474 274 611 306 mundus
638 275 751 315 cliens,
782 275 838 316 qui
861 274 950 307 dedit
972 274 1065 306 nobis
1089 285 1208 317 equum
1231 285 1303 307 cum
1326 275 1390 306 suis
1413 275 1510 306 armis
1533 274 1643 306 valore
1666 276 1706 306 20
1723 274 1779 306 tal.
1793 279 1818 312 ἢ.

474 326 686 358 Leonhardus
716 325 756 357 de
785 326 962 358 Novacella
993 326 1062 368 pbr.
1086 329 1118 358 et
1148 327 1204 358 cfr.
1226 337 1255 358 n.
1306 331 1339 358 D.
1355 331 1492 358 Melchior
1515 331 1644 365 provisor
1666 331 1695 357 in
1719 331 1817 364 Pulka,

475 377 536 411 pbr.
546 379 574 403 et
584 377 633 403 cfr.
642 385 677 410 n.,
689 376 764 404 1502.
788 377 831 403 Fr.
840 377 944 403 Paulus
952 377 1115 404 Hunezoder
1124 377 1247 404 subdiac.
1256 377 1482 411 Salozburgensis
1492 378 1520 404 et
1530 378 1578 404 cfr.
1587 386 1614 403 n.
1636 377 1668 405 D.
1675 377 1817 404 Michahel

475 419 586 447 Stickhl
612 421 640 446 et
664 419 724 453 pbr.
742 421 771 446 et
793 420 841 446 cfr.
858 429 883 446 n.
919 420 964 446 Fr.
978 420 1146 447 Benedictus
1165 429 1206 447 cv.
1223 421 1256 447 de
1276 420 1448 452 Tierustain,
1474 420 1521 447 cfr.
1538 429 1564 446 n.
1600 420 1632 447 D.
1645 420 1818 454 Augustinus

474 463 577 497 Waytz
595 462 772 497 Ypolitensis
790 463 822 489 fr.
836 471 862 490 n.
875 471 900 489 a.
914 462 988 489 1537.
1028 462 1193 490 Laurentius
1210 462 1296 489 Draxl
1314 463 1348 489 de
1366 463 1505 497 'regernse
1524 463 1583 497 pbr.
1598 465 1627 490 et
1645 463 1693 490 cfr.
1706 472 1731 489 n.

165 515 205 544 18.
267 516 325 543 XV.
337 516 395 544 kal.
421 511 645 543 Lambertus
667 510 746 552 pbr.
763 513 800 542 et
823 510 887 542 cfr.
904 521 933 541 n.
973 509 1181 553 [Dorothea
1204 510 1278 542 m¹¹⁸
1301 510 1345 542 de
1363 509 1587 552 Goettbigo,
1611 520 1755 542 consor.
1773 509 1816 552 n.]

473 562 661 595 Gerhardus
688 562 769 593 diac.
794 562 931 593 ecclesie
954 561 978 592 si
997 562 1124 594 Nicolai
1153 565 1186 593 et
1212 562 1268 594 cfr.
1284 573 1314 594 n.
1360 562 1521 593 Iohannes
1543 561 1754 593 Holnstainer
1777 561 1817 593 de

472 613 629 654 Ieuching
651 613 721 654 pbr.
739 616 772 644 et
794 613 831 644 fr.
849 624 878 644 n.
918 612 1063 644 Ortolfus
1086 613 1126 645 de
1143 613 1343 655 Neunburga
1358 613 1426 655 pbr.
1444 616 1477 645 et
1493 613 1549 644 cfr.
1566 624 1596 644 n.
1636 612 1818 654 Stephanus

472 666 629 697 Puromer
651 665 671 707 l,
690 667 722 696 et
745 664 801 696 cfr.
818 675 848 696 n.
869 667 960 696 1475.
999 664 1300 706 Agnes'Gartnerin
1321 675 1445 696 consor.
1461 676 1492 696 n.
1529 664 1691 696 Iohannes
1713 665 1820 696 senior

473 716 635 758 quondam
658 727 749 758 ppos.
766 716 799 747 in
814 715 986 747 Walthusa
997 716 1032 758 ¹),
1055 716 1124 757 pbr.
1142 719 1175 748 et
1197 716 1253 748 cfr.
1270 727 1300 748 n.
1347 715 1570 758 Sigismundus
1585 715 1754 747 Pruckner
1777 715 1817 747 de

473 767 680 809 Newnburga
702 767 773 809 pbr.
794 770 827 799 et
850 767 906 799 cfr.
927 778 956 798 n.
1002 767 1042 799 D.
1060 767 1246 809 Leopoldus
1269 767 1310 799 de
1333 767 1563 808 Zintzendorff,
1595 767 1671 799 olim
1695 767 1764 799 deo.
1786 768 1819 798 in

471 819 686 859 Tiernnstain,
701 818 772 860 pbr.
786 822 819 850 et
834 818 890 850 cfr.
904 829 945 858 n.,
962 830 991 851 a.
1005 819 1128 860 (14)99.
1164 824 1196 851 D.
1210 823 1348 858 Georgius
1360 823 1499 851 Windner
1514 824 1548 851 de
1565 823 1596 850 S⁰
1609 823 1741 851 Floriano
1757 823 1818 858 pbr.

163 880 206 908 19.
249 879 323 907 XIV.
337 879 393 906 kal.
421 875 616 907 Gerwious
640 884 692 906 cv.
710 877 747 906 et
769 874 812 906 fr.
829 885 859 906 n.
907 873 1108 916 [Martinus
1130 874 1208 916 pbr.
1226 875 1271 906 de
1288 874 1427 916 Campo
1443 874 1623 916 lyliorum
1647 877 1685 906 et
1707 874 1770 906 cfr.
1787 885 1817 906 n.

471 927 689 968 Perngerus
721 929 758 957 et
786 925 1008 962 Wolfkerus
1037 926 1210 958 Pranker
1244 926 1288 957 de
1319 925 1495 966 Secovia,
1529 925 1622 967 pbri,
1657 925 1745 957 cfr⁹⁸
1774 925 1818 957 ni.

471 978 645 1010 Andreas
668 977 748 1019 pbr.
765 977 896 1009 domus
919 977 946 1008 si
962 977 1148 1018 Floriani,
1172 977 1236 1009 cfr.
1253 976 1296 1020 n.]
1333 977 1515 1009 Ruedolfus
1531 977 1668 1019 diotus³)
1686 976 1819 1018 Gams⁸)

474 1029 543 1061 dec.
560 1030 592 1061 in
608 1029 935 1070 Berchtersgadmen,
958 1029 1029 1070 pbr.
1047 1032 1080 1061 et
1096 1029 1152 1060 cfr.
1169 1040 1199 1060 n.
1238 1029 1406 1061 Oonradus
1422 1028 1462 1060 de
1479 1028 1732 1070 Herczogburga
1748 1028 1818 1070 pbr.

472 1084 505 1113 et
528 1081 584 1112 cfr.
605 1091 634 1112 n.
680 1080 733 1112 Fr.
751 1080 912 1112 Steffanus
940 1080 980 1112 de
1000 1080 1167 1121 VVelming
1196 1080 1265 1122 pbr.
1283 1080 1510 1112 Gotrwicensis
1539 1083 1572 1112 et
1597 1080 1653 1112 cfr.
1673 1091 1703 1111 n.
1726 1083 1758 1111 et
1781 1079 1817 1111 fr.

409 1141 412 1144 ’
471 1133 667 1173 Crisogonus
699 1131 739 1163 de
770 1132 935 1174 Tegernse
968 1131 1042 1163 cler.
1069 1135 1102 1163 et
1133 1131 1188 1163 cfr.
1213 1143 1242 1163 n.
1295 1131 1336 1163 D.
1359 1131 1520 1164 Iohannes
1550 1131 1700 1163 Staenzel
1728 1130 1823 1163 monii

471 1184 495 1215 si
513 1184 682 1215 Michaelis
709 1183 778 1225 pbr.
800 1186 833 1215 et
861 1183 917 1215 cfr.
938 1195 968 1215 n.
1014 1188 1048 1215 D.
1066 1188 1170 1215 Luccas
1192 1188 1302 1215 Harber
1325 1196 1406 1222 ppos.
1422 1186 1631 1214 Novecellensis
1641 1182 1680 1221 ²),
1708 1187 1769 1221 pbr.
1791 1188 1821 1214 et

470 1236 519 1262 cfr.
536 1244 561 1262 n.
597 1235 630 1261 D.
643 1234 727 1261 vitus
747 1235 828 1261 Awer
850 1243 883 1261 ex
907 1234 1066 1268 Baumberg
1089 1235 1137 1262 cfr.
1156 1243 1182 1261 n.
1219 1235 1250 1261 D.
1269 1234 1405 1261 Iohannes
1428 1234 1505 1261 Ortel
1529 1234 1563 1260 de
1586 1233 1766 1267 Newnburga
1791 1235 1820 1260 et

472 1278 520 1304 cfr.
538 1286 564 1304 n.
606 1277 649 1304 Fr.
664 1277 803 1312 Agapitus
828 1278 889 1311 pbr.
909 1279 938 1304 et
960 1286 995 1303 m.
1016 1278 1050 1304 de
1075 1277 1358 1310 Krembsmuesterb),
1384 1277 1432 1304 cfr.
1448 1286 1474 1303 n.
1515 1277 1558 1303 Fr.
1572 1276 1766 1311 Sigismundus
1785 1276 1819 1302 de

471 1320 592 1347 Bavaria
624 1319 685 1354 pbr.
706 1322 736 1347 et
760 1329 795 1346 m.
820 1320 964 1347 Scotorum
986 1320 1096 1347 Wienn.
1119 1320 1166 1347 cfr.
1187 1329 1214 1346 n.
1265 1320 1339 1354 Mag.
1361 1319 1456 1347 Sixtus
1481 1320 1612 1346 Kammer
1638 1319 1819 1346 beneficiatus

471 1363 496 1390 Si
509 1363 676 1397 Leonhardi,
695 1363 743 1390 cfr.
756 1372 791 1396 n.,
811 1363 887 1389 1522.
923 1363 955 1390 D.
970 1363 1086 1390 Iacobus
1106 1363 1228 1389 Kleuber
1246 1363 1279 1389 de
1299 1362 1419 1389 Medlieo
1438 1362 1499 1396 pbr.
1513 1363 1542 1389 et
1560 1371 1603 1393 m..
1624 1362 1670 1388 cfr.
1684 1371 1709 1388 n.

161 1415 203 1443 20.
247 1415 323 1442 XIII.
336 1415 392 1442 kal.
420 1411 678 1443 Wernhardus
701 1421 751 1442 cv.
769 1413 806 1442 et
829 1411 871 1442 fr.
887 1422 917 1442 n.
965 1410 1197 1453 [Fridericus
1221 1410 1265 1442 de
1282 1410 1540 1452 Poppendorf.
1580 1409 1820 1442 Hermannus

472 1462 550 1504 pbr.
568 1462 735 1494 ecclesie
759 1462 1091 1504 Salezpurgensis‚
1116 1462 1180 1494 ofr.
1197 1473 1227 1493 n.
1274 1462 1447 1493 Andreas
1463 1461 1589 1493 Mollo.
1635 1461 1820 1493 Ernestus

472 1514 598 1546 dictus
620 1513 795 1545 Pranker
818 1513 931 1555 dyac.‚
962 1513 1177 1545 Rudmarus
1200 1513 1388 1555 subdyao„
1411 1513 1615 1555 Dytmarus
1640 1512 1820 1544 barbatus

472 1565 517 1597 de
534 1565 710 1606 Secovia„
734 1565 823 1597 cfr⁰⁵
839 1565 881 1596 ni.
927 1565 1039 1597 Ionas
1063 1565 1187 1596 dictus
1203 1565 1436 1606 Lazperiger
1460 1564 1504 1596 de
1520 1564 1717 1595 Walthuza
1740 1564 1818 1606 pbr.

471 1619 509 1649 et
535 1616 600 1648 cfr.
622 1615 666 1659 n.]
710 1608 842 1648 vUlrieus
870 1616 910 1648 de
934 1616 1050 1648 Stencz
1078 1617 1146 1658 pbr.
1171 1619 1204 1648 et
1226 1616 1282 1648 cfr.
1305 1627 1335 1647 n.
1382 1615 1571 1648 Chunradus
1594 1615 1635 1647 de
1658 1615 1819 1657 Hertzog-

477 1668 590 1710 burae)
614 1668 683 1709 pbr.
705 1671 737 1700 et
760 1668 816 1700 cfr.
838 1679 868 1699 n.
914 1668 1055 1700 Michael
1079 1668 1171 1699 Tiem
1194 1668 1264 1710 pbr.
1285 1670 1378 1699 extra
1400 1678 1508 1699 muros
1530 1667 1681 1704 Patavie,
1713 1667 1769 1699 cfr.
1788 1679 1818 1699 n.

471 1719 674 1761 Bolfgangus
697 1719 802 1751 dietus
827 1718 984 1751 Chaelbel
1007 1720 1028 1751 l.
1049 1723 1082 1751 et
1105 1720 1161 1751 cfr.
1178 1730 1209 1751 n.
1253 1719 1293 1750 D.
1309 1719 1471 1750 Iohannes
1495 1719 1534 1750 de
1558 1719 1679 1750 Zwetel
1701 1719 1770 1760 pbr.
1788 1722 1820 1751 et

472 1771 528 1803 cfr.
541 1782 572 1802 n.
610 1771 651 1803 D.
666 1770 833 1802 Conradus
850 1771 890 1802 de
903 1770 1135 1812 Herczoburga
1151 1771 1207 1802 cfr.
1221 1782 1251 1801 n.
1289 1770 1329 1802 D.
1342 1770 1495 1801 Erasmus
1510 1780 1601 1811 ppOS.
1615 1771 1646 1801 in
1664 1769 1772 1802 Suben
1782 1771 1819 1812 ³),

473 1822 541 1864 pbr.
559 1825 592 1855 et
614 1823 670 1854 cfr.
687 1833 717 1854 n.
763 1822 803 1853 D.
821 1821 1028 1854 Oristofforus
1045 1822 1155 1854 Ebron
1164 1822 1190 1863 4)
1214 1832 1305 1863 ppos
1323 1825 1356 1853 et
1379 1821 1550 1853 archidiac.
1568 1822 1704 1854 ecclesie
1721 1822 1819 1854 Salis-

472 1874 654 1916 purgensis‚
685 1873 755 1915 pbr.
777 1876 811 1905 et
840 1874 895 1905 cfr.
917 1884 948 1905 n.
993 1873 1034 1904 D.
1050 1873 1220 1905 Udalricus
1243 1884 1334 1914 ppos.
1354 1874 1386 1904 in
1409 1872 1621 1905 Undensdorf
1626 1873 1665 1914 ⁵),
1696 1873 1766 1915 pbr.
1787 1876 1820 1906 et

471 1925 528 1956 cfr.
545 1936 575 1956 n.
621 1925 649 1966 d)
658 1925 698 1956 D.
715 1925 836 1956 Paulus
860 1924 1029 1956 Gotlieber
1052 1925 1159 1956 senior
1182 1924 1223 1956 de
1246 1924 1421 1965 Dyrnstain
1444 1924 1524 1965 pbr..
1548 1924 1603 1955 cfr.
1620 1935 1650 1955 n.

162 1985 204 2013 21.
262 1984 322 2011 XII.
337 1984 392 2011 kal.
419 1980 653 2012 Riehkardis
677 1990 747 2011 sor.
764 1991 793 2011 n.
831 1979 1067 2021 Reinpertus
1091 1980 1131 2012 fr.
1146 1991 1177 2011 n.
1215 1979 1381 2011 Perchta
1406 1979 1449 2011 de
1471 1979 1511 2011 S⁰
1531 1979 1709 2011 Floriano
1734 1990 1818 2011 con-

472 2042 541 2064 sor.
565 2043 595 2063 n.
648 2030 888 2073 [chunradus
915 2031 1203 2073 Nendorffer⁶)‚
1234 2031 1442 2072 Dyemudis
1469 2042 1526 2062 ux.
1551 2042 1630 2072 sua,
1662 2031 1817 2063 oblatio.

473 2083 689 2124 Stephanus
713 2083 837 2114 dictus
853 2082 1011 2115 Gaesell
1035 2093 1112 2114 can.
1129 2083 1165 2114 in
1182 2082 1470 2123 Herczoburga,
1494 2082 1557 2114 cfr.
1574 2081 1619 2125 n.]
1658 2083 1819 2114 Iohannes

473 2134 615 2176 Chugler
636 2134 705 2176 pbr.
723 2134 763 2166 de
780 2133 816 2165 Sq
828 2134 971 2175 Andrea,
995 2134 1050 2166 cfr.
1067 2145 1096 2165 n.
1139 2134 1301 2175 Nyoolaus
1318 2133 1461 2175 Senging
1484 2133 1552 2175 pbr.
1571 2137 1603 2165 et
1623 2134 1679 2165 cfr.
1696 2145 1726 2165 n.
1765 2134 1816 2166 Fr.

472 2186 633 2218 Iohannes
656 2186 696 2218 de
719 2186 837 2217 Melico
859 2186 929 2228 pbr.
948 2189 981 2218 et
1004 2186 1059 2217 cfr.
1076 2196 1107 2217 n.
1153 2185 1323 2217 oswaldus
1346 2185 1387 2216 de
1411 2184 1547 2217 Secovia
1569 2185 1639 2227 pbr.
1658 2188 1691 2217 et
1714 2185 1769 2217 cfr.
1787 2196 1816 2217 n.

471 2237 662 2269 Ambrosius
685 2237 724 2269 de
747 2237 784 2269 S*
799 2237 967 2269 Dorothea
990 2237 1059 2279 pbr.
1077 2241 1110 2269 et
1133 2236 1189 2269 cfr.
1206 2247 1236 2268 n.
1281 2242 1314 2268 D.
1327 2241 1469 2276 Rupertus
1487 2241 1581 2268 senior
1600 2241 1631 2268 in
1645 2241 1819 2276 Noimburga

475 2288 625 2315 claustrali
644 2288 705 2323 pbr.
718 2290 748 2315 et
766 2289 814 2315 cfr.
828 2297 854 2315 n.
889 2288 922 2315 D.
937 2288 1061 2315 Andreas
1073 2287 1190 2314 Widner
1208 2287 1243 2314 de
1255 2287 1436 2322 Newnburga
1452 2287 1513 2321 pbr.
1527 2289 1556 2314 et
1569 2287 1617 2315 cfr.
1630 2297 1656 2314 n.
1693 2288 1723 2314 D.
1737 2288 1819 2315 Geor-

471 2331 548 2366 gius,
574 2331 600 2358 d.
617 2330 803 2363 Crsstofferus,
829 2331 854 2357 d.
873 2331 987 2363 Daniel,
1012 2331 1038 2358 d.
1051 2330 1180 2365 Faunus)
1208 2330 1382 2364 Freischlag,
1407 2330 1444 2356 mi
1467 2332 1496 2357 et
1518 2330 1580 2364 pbri
1602 2330 1685 2357 monii
1702 2330 1818 2362 0ssiaci,

474 2374 539 2401 efres
557 2374 592 2402 ni.

163 2426 204 2454 22.
283 2427 331 2454 XI.
342 2426 399 2454 kal.
426 2421 698 2464 Chunegundis
725 2427 785 2454 cv⁰
809 2424 846 2454 et
874 2432 943 2453 sor.
965 2432 995 2452 n.
1049 2420 1225 2463 [Thomas
1253 2420 1297 2452 de
1321 2420 1461 2462 Campo
1486 2420 1652 2452 liliorum
1681 2421 1758 2462 pbr.
1782 2425 1819 2453 et

473 2473 537 2505 cfr.
553 2485 584 2504 n.
622 2473 813 2505 Iohannes
830 2472 954 2504 dietus
971 2472 1111 2504 Tulner
1132 2472 1176 2504 de
1192 2471 1525 2513 Herczognwurga
1540 2471 1620 2513 pbr.
1638 2474 1675 2503 et
1691 2472 1754 2504 cfr.
1771 2472 1816 2515 n.]

266 2600 290 2634 Ι)
309 2601 364 2627 Vox
380 2609 412 2627 ex
424 2606 504 2634 parte
516 2610 601 2627 erasa.
689 2600 714 2633 b)
735 2601 848 2635 Corriq.:
866 2602 1116 2628 Krembsmuenster.
1205 2600 1228 2633 e)
1249 2601 1362 2634 Corriqa
1381 2601 1587 2634 Hertzogburga.
1675 2600 1701 2634 d)
1720 2601 1821 2627 Nomen

163 2653 268 2677 aequem
287 2644 404 2670 deletum.

269 2725 290 2758 ¹)
310 2723 446 2751 Iohannes
464 2724 520 2751 111.
539 2724 714 2758 Niirnberqer
731 2726 904 2751 1413—1414.
1016 2725 1037 2756 ²)
1056 2726 1229 2750 1484—1503.
1335 2724 1356 2756 ⁸)
1374 2723 1506 2749 Erasmus
1524 2723 1633 2750 Werder
1648 2727 1818 2751 1456—1471.

164 2767 185 2800 ⁴)
209 2766 254 2794 Ob.
266 2775 292 2793 a.
307 2770 376 2794 1491.
487 2768 508 2800 ⁶)
533 2767 642 2794 Ulricus
664 2767 718 2794 IV.
742 2770 919 2793 1470—1479.
1025 2767 1046 2799 ⁶)
1066 2766 1155 2792 Armis
1178 2768 1344 2793 1300—1325
1365 2765 1472 2799 saepius
1495 2766 1552 2793 eius
1576 2767 1607 2793 in
1627 2766 1819 2801 diplomatibus

162 2809 262 2836 mentio
279 2809 318 2842 fit.
1094 2820 1098 2826 ’
