2150 3178
870 202 1088 230 PRAEFATIO.
1761 203 1815 230 VII

151 314 236 355 erat,
269 310 420 346 saeculis
448 309 679 346 delabentibus
706 308 941 344 adnotationes
967 308 1003 343 in
1030 308 1222 353 necroloqia
1242 309 1441 354 promiscue
1467 309 1679 354 rettulerunt,
1712 322 1751 346 ea
1777 312 1816 347 in

148 390 188 415 re
213 390 284 415 non
309 382 444 415 secutus
469 390 547 414 sum
571 382 744 424 notasque,
773 389 859 423 quas
881 378 983 422 prius
1008 377 1199 423 inscriptas
1225 389 1295 413 esse
1322 378 1516 414 litterarum
1543 380 1656 425 apices
1687 381 1816 425 docent,

153 448 191 484 in
216 451 307 484 textu
337 458 466 494 quoque
485 447 668 492 praemisi.

256 525 462 571 Necroloqia
489 526 584 561 haud
604 537 722 571 pauca
743 524 884 570 prelum
909 534 1002 559 nune
1022 524 1178 569 primum
1205 524 1401 560 subierunt:
1429 525 1516 560 liber
1542 525 1749 561 oblationum
1776 537 1818 561 ac

153 595 474 630 anniversariorum
507 594 669 630 ecclesiae
694 605 720 630 s.
739 593 905 639 Stephani
938 592 1225 636 Vindobonensis,
1260 596 1360 628 notae
1385 593 1613 638 necroloqicae
1638 594 1816 631 Scotorum

160 663 482 708 Vindobonensium,
501 667 581 699 nota
594 663 808 709 necroloqiea
826 663 868 698 de
887 662 1084 698 doctoribus
1103 673 1144 697 ac
1155 662 1423 707 professoribus
1437 663 1670 699 universitatis
1688 663 1817 700 Vindo-

150 731 304 768 bonensis
331 744 363 767 a.
379 733 476 768 1436
494 732 690 777 demortuis,
719 735 936 768 monumenta
955 731 1164 776 necroloyica
1181 731 1435 777 Habsburqica,
1462 736 1681 768 monumenta
1699 744 1815 770 neero-

154 800 264 846 loqica
283 801 481 837 monialium
500 802 548 836 ad
564 801 601 838 S.
618 801 778 837 Mariam
792 800 1043 846 Maqdalenam
1061 799 1382 844 Vindobonensium,
1401 801 1630 847 necrologium
1644 802 1816 838 Fratrum

151 869 336 905 Minorum
352 870 600 906 observantium
614 870 820 916 provinciae
834 868 1052 913 Austriacae‚
1071 868 1216 903 annales
1233 868 1436 914 necroloqici
1449 869 1618 905 Fratrum
1636 870 1817 907 Minorum

152 938 407 974 observantium
443 942 625 975 conventus
658 938 947 983 Vindobonensis,
986 937 1118 973 rotulus
1152 937 1389 982 necroloqicus
1425 938 1597 974 Fratrum
1633 939 1818 976 Minorum

152 1010 334 1043 conventus
359 1007 668 1053 quenburyensis,
695 1007 888 1052 necroloyia
917 1006 1322 1051 Olaustroneoburyensia
1341 1007 1374 1041 Ι.
1395 1010 1426 1043 et
1450 1007 1538 1052 HL,
1569 1008 1649 1043 libri
1675 1009 1817 1045 oblatio-

149 1087 234 1111 num
261 1079 292 1111 et
309 1076 625 1112 anniversariorum
643 1075 1048 1120 Claustroneoburqenses
1071 1075 1104 1110 Ι.
1123 1077 1154 1110 et
1173 1075 1237 1119 IL,
1266 1079 1368 1112 notae
1390 1076 1620 1122 necroloqicae
1638 1077 1817 1114 Claustra-

151 1145 408 1190 neoburqenses,
431 1147 649 1180 monumenta
667 1144 880 1189 necroloqica
892 1144 1160 1189 qusbaccnsia,
1182 1147 1398 1179 monumenta
1417 1145 1630 1190 necroloyica
1649 1149 1818 1183 canoniae

149 1214 199 1249 ad
232 1213 270 1249 S.
294 1214 521 1258 Dorotheum,
554 1213 784 1259 necroloyium
817 1213 1102 1258 Altenburqense,
1137 1215 1236 1248 notae
1269 1213 1501 1258 necroloqicae
1536 1215 1736 1251 monialium
1770 1217 1818 1252 ad

149 1282 186 1318 S.
202 1283 461 1327 Bernhardum,
489 1286 707 1319 monumenta
733 1282 947 1328 necroloyica
975 1281 1224 1326 Gemnicensia,
1250 1282 1482 1327 necroloyium
1504 1282 1817 1331 Ducumburqense,

150 1355 370 1387 monumenta
395 1352 608 1397 necroloqica
627 1351 856 1396 Zwettlensia,
883 1351 1116 1396 necrologium
1143 1351 1310 1387 canoniae
1337 1353 1384 1387 ad
1405 1351 1439 1386 S.
1461 1352 1642 1388 Anclream
1670 1353 1817 1390 alterum

149 1421 281 1466 (primi
305 1421 487 1466 necroloyii
513 1421 654 1456 nonnisi
681 1421 848 1466 epitomae
874 1420 917 1455 ab
937 1421 1084 1456 Andrea
1109 1421 1150 1456 de
1173 1420 1316 1456 Meiller
1343 1420 1453 1456 editae
1479 1422 1591 1466 sunt),
1618 1423 1817 1467 fraqmenta

149 1490 336 1536 necroloyii
353 1490 486 1534 incerti,
506 1489 581 1525 alia
598 1489 795 1535 fraqmenta
814 1489 996 1535 necroloqii
1011 1489 1141 1535 incerti,
1162 1489 1392 1535 necroloqium
1411 1489 1644 1534 fraternitatis
1661 1491 1696 1527 S.
1711 1492 1815 1527 Mar-

149 1559 216 1595 tini
242 1559 281 1594 in
300 1559 509 1604 Iudenburq,
537 1559 679 1594 annales
700 1558 906 1603 necroloqici
927 1560 1094 1594 canoniae
1120 1560 1157 1594 in
1176 1558 1430 1604 Rothenmann,
1457 1560 1685 1605 necroloyium
1712 1572 1815 1597 cano-

146 1629 317 1664 nicarum
338 1628 606 1672 Voroviensium,
632 1631 732 1664 notae
757 1628 994 1674 necroloqicae
1020 1629 1178 1664 incertae.

254 1701 435 1737 Addendis
470 1705 500 1737 et
536 1702 750 1746 corriqendis
783 1701 980 1747 fraymenta
1015 1701 1200 1746 neeroloyii
1237 1702 1482 1737 canonicarum
1518 1703 1565 1737 acl
1599 1702 1634 1738 S.
1659 1702 1816 1738 Mariam

151 1770 404 1815 Maydalenam
433 1769 872 1815 Claustroneoburqensium
899 1770 1080 1805 novissime
1107 1772 1245 1815 reperta
1273 1770 1429 1805 adiunxi.

255 1847 391 1893 Operae
415 1847 553 1883 minime
570 1849 722 1893 peperci,
748 1850 786 1882 ut
809 1848 1002 1882 mortuaria
1019 1846 1195 1882 nonnullis
1220 1846 1258 1881 in
1277 1846 1485 1882 bibliothecis
1508 1850 1607 1892 atque
1629 1847 1817 1884 tabulariis

151 1916 336 1960 recondita,
364 1917 537 1962 hucusque
559 1916 707 1961 latentia,
734 1928 826 1952 nunc
848 1920 985 1962 reperta
1001 1916 1156 1962 primum
1184 1917 1222 1950 in
1242 1915 1350 1951 lucem
1369 1916 1511 1959 ederem,
1541 1917 1603 1951 etsi
1620 1917 1698 1960 sieri
1711 1929 1816 1962 posse

153 1997 225 2020 non
251 1996 344 2030 ne90‚
372 1988 410 2020 ut
435 1986 474 2020 in
500 1985 707 2021 bibliothecis
733 1985 938 2031 quibusdam
957 1985 1120 2031 privatis,
1147 1986 1186 2021 in
1213 1996 1300 2030 quas
1324 1985 1440 2020 aditus
1465 1985 1604 2020 minime
1631 1989 1692 2020 aut
1718 1987 1815 2030 difli-

151 2053 278 2089 cillime
312 2054 522 2098 conceditur,
562 2058 662 2100 atque
697 2055 735 2090 in
770 2054 972 2100 quibasdam
1003 2054 1189 2090 tabulariis
1222 2055 1372 2090 nondum
1406 2054 1444 2088 in
1476 2054 1633 2089 ordinem
1667 2055 1816 2091 redactis

150 2133 179 2158 e.
203 2134 237 2168 9.
271 2122 308 2157 in
342 2122 514 2158 tabulario
549 2122 783 2158 consistoriali
815 2122 1086 2167 Vindobonensi,
1128 2134 1205 2158 cum
1241 2126 1397 2159 actorum
1431 2122 1684 2168 libellorumque
1718 2125 1817 2170 copia

150 2192 354 2237 quandoque
396 2195 556 2228 accurate
596 2192 829 2237 ordinabitur,
870 2192 1064 2227 mortuaria
1101 2193 1270 2238 quaedam
1312 2203 1404 2227 nunc
1443 2191 1638 2227 desiderata
1671 2194 1815 2238 posthac

151 2260 381 2306 reperiantur.

257 2333 537 2379 Necroloyiorum
563 2334 710 2368 materia
733 2333 866 2369 ratione
884 2334 1007 2370 critica
1024 2334 1191 2380 disposita
1208 2335 1299 2370 notis
1317 2334 1379 2370 sub
1399 2334 1490 2369 linea
1502 2334 1631 2379 positis
1649 2334 1817 2378 bifariam

152 2402 375 2447 dilucidatur,
401 2414 550 2448 quarum
577 2402 688 2438 altera
708 2413 798 2448 pars
825 2402 1022 2438 litterarum
1038 2403 1159 2439 ordine
1178 2404 1310 2449 digesta
1327 2406 1437 2439 textus
1455 2404 1684 2439 conditionem
1702 2404 1814 2438 mani-

149 2469 276 2515 festam
314 2472 417 2516 facit,
453 2471 564 2506 altera
595 2483 673 2507 vero
707 2482 924 2508 numerorum
954 2472 1073 2508 ordine
1103 2473 1263 2508 instituta
1289 2473 1398 2508 obitus
1425 2472 1478 2508 vel
1505 2472 1680 2517 reqiminis
1707 2483 1816 2507 annos

151 2539 325 2585 explanat.
378 2539 446 2575 Sed
472 2552 559 2586 quae
585 2541 732 2577 secundo
759 2541 831 2577 loco
851 2541 1043 2586 posuimus,
1071 2553 1112 2577 ea:
1137 2542 1300 2587 operibus
1324 2542 1557 2577 adiumentum
1571 2540 1815 2586 praebentibus

152 2609 307 2644 desumta
330 2620 400 2644 non
423 2610 582 2645 scientiae
607 2621 695 2645 nova
714 2609 1003 2655 pervestigatione
1025 2610 1203 2656 studioque
1222 2610 1406 2655 ewplorata
1425 2613 1515 2645 sunt.
1561 2609 1662 2645 Notis
1681 2609 1813 2645 littera-

151 2688 230 2712 rum
249 2678 372 2713 ordine
390 2678 565 2724 dispositis
591 2678 651 2714 hoc
678 2679 716 2714 in
743 2689 843 2724 opere
868 2678 957 2714 nihil
973 2678 1079 2724 plane
1095 2680 1174 2714 novi
1194 2680 1346 2723 accessit,
1376 2681 1475 2714 notae
1494 2690 1573 2714 vero
1591 2689 1814 2713 numerorum

152 2746 272 2781 ordine
300 2746 450 2792 diqestae
475 2747 517 2782 ab
543 2749 676 2792 inteqro
704 2758 813 2783 novae
839 2750 934 2791 sunt,·
967 2748 1006 2782 in
1028 2747 1181 2792 primori
1206 2748 1324 2793 operis
1345 2750 1450 2792 parte
1476 2748 1605 2792 rariuS,
1631 2749 1669 2783 in
1693 2746 1814 2782 ultima

148 2817 253 2859 parte
272 2814 424 2852 crebrius
443 2816 621 2861 appositae
647 2816 687 2851 iol
706 2818 872 2861 spectant,
900 2819 948 2860 ut,
973 2817 1092 2861 quanti
1108 2816 1214 2862 pretii
1233 2815 1371 2862 sinqula
1393 2816 1586 2861 necrologia
1604 2817 1683 2859 sint,
1712 2827 1812 2851 accu-
