2150 3178
550 178 813 207 NECROLOGIUM
832 177 1022 205 CANONIAE
1040 178 1089 205 AD
1108 177 1133 205 S.
1147 177 1397 206 HIPPOLYTUM.
1738 180 1800 211 485

459 266 562 297 forus
583 265 660 306 pbr.
680 264 988 305 Novecellensis‚
1018 264 1082 296 cfr.
1103 263 1147 306 n.]
1193 263 1232 296 D.
1250 264 1412 297 Iohannes
1435 264 1476 296 de
1496 264 1646 306 Wyenna
1669 264 1738 306 pbr.
1761 264 1802 296 de

457 316 668 358 Tyrnnstayn,
693 316 749 347 cfr.
766 327 796 347 ιι.
841 315 1002 348 Iohannes
1026 310 1077 347 ovs
1091 315 1132 348 de
1147 315 1262 357 Roerr,
1286 316 1342 347 cfr.
1360 327 1389 347 n.
1435 316 1599 348 Erhardus
1615 316 1802 348 licenciatus

455 369 489 399 in
505 367 653 407 decretis,
677 367 763 408 pleb.
780 367 812 398 in
828 367 994 404 Huerben,
1018 367 1088 409 pbr.
1106 370 1139 399 et
1153 366 1191 398 fr.
1207 377 1248 408 ιι,
1275 369 1367 399 1463.
1404 368 1551 400 Barbara
1566 367 1632 399 filia
1648 367 1801 399 Pudmer.

455 418 720 450 Wartholomeus
746 417 786 449 de
811 417 920 450 Stentz
947 418 1017 459 pbr.
1039 421 1071 450 et
1100 418 1156 449 cfr.
1177 429 1207 450 n„
1258 418 1397 450 Ioannes
1425 418 1465 451 de
1489 418 1527 450 S*
1548 418 1651 451 Oruce
1678 418 1747 461 pbr.
1769 421 1802 450 et

457 470 512 502 cfr.
529 481 559 502 n.
605 474 649 501 Fr.
666 474 749 501 Vitus
772 473 907 501 Cerdonis
931 474 1056 502 subdiac.
1072 475 1103 501 in
1123 474 1348 509 Herczogburga.
1372 475 1422 501 cfr.
1439 484 1468 501 n.
1513 474 1669 502 Benedicta
1691 470 1749 501 m¹³⁸
1772 475 1802 501 in

457 520 598 553 Gottvico,
622 528 727 547 consor.
739 529 766 546 n.
803 519 885 547 Clara
899 520 1033 554 Heyseriu
1053 521 1110 547 mli*
1128 521 1162 547 de
1180 520 1212 547 S⁰
1225 520 1379 547 Laurencio
1392 520 1510 553 Wienn.,
1530 529 1634 547 consor.
1647 530 1682 553 n.‚
1703 521 1800 554 (15)21.

456 564 487 591 D.
502 563 662 590 Dominicus
681 562 850 590 Khreneekh
869 571 929 590 can.
942 563 1162 595 Novaeellensis,
1180 563 1241 597 pbr.
1255 565 1284 590 et
1303 563 1350 590 cfr.
1363 573 1389 590 n.

160 620 186 648 3.
267 621 301 648 V.
315 629 383 648 non.
406 615 638 648 Walchunus
661 625 712 647 cv.
730 618 767 646 et
789 614 830 646 fr.
847 625 877 646 n.
923 615 1162 647 Hermannus
1185 615 1263 657 pbr.
1282 615 1326 647 de
1346 615 1520 656 Seoovia,
1544 615 1608 647 cfr.
1625 626 1655 647 n.
1701 613 1802 657 [Par-

454 667 670 698 tholomeus
697 665 993 708 Emmerberger
1021 677 1098 698 can.
1121 667 1288 700 ecclesie
1316 667 1651 709 Salzb(urgensis)‚
1683 667 1747 699 cfr.
1771 678 1800 699 n.

453 718 510 750 Fr.
527 718 691 750 Iacobus
721 717 766 749 de
790 717 833 750 5⁸
854 717 974 750 Cruoe
1003 718 1124 750 levita
1153 721 1190 750 et
1219 718 1284 750 cfr.
1307 717 1350 761 n.]
1394 718 1555 750 Iohannes
1578 718 1682 750 dictus
1705 718 1802 751 Gwer

455 769 496 801 de
512 769 742 810 Herozoburga
764 779 830 800 aco.
849 772 881 801 et
905 769 960 800 cfr.
978 780 1007 800 n.
1053 769 1208 801 Martinus
1231 770 1301 811 pbr.
1319 773 1351 802 et
1373 781 1426 812 m.‚
1450 770 1507 802 cfr.
1524 781 1553 803 n.
1572 771 1612 803 de
1629 770 1801 803 Gottwioo.

454 821 634 853 Katherina
657 820 719 852 mu*
743 820 783 852 de
807 820 1004 861 Goettwico,
1035 831 1158 852 consor.
1175 832 1206 852 n.
1251 821 1400 853 Allexius
1424 821 1465 854 de
1489 822 1525 854 S*
1540 822 1708 854 Dorothea
1731 822 1800 864 pbr.

457 876 489 904 et
505 873 562 904 cfr.
579 883 608 904 n.
647 871 811 904 Erhardus
832 872 901 914 pbr.
918 873 951 903 in
967 872 1246 904 Kremssmunster
1269 876 1302 904 et
1325 873 1380 905 cfr.
1398 884 1429 905 n.
1467 873 1707 916 Wollffgangus
1726 885 1801 916 pro-

453 926 581 955 curator
602 924 636 955 in
653 923 891 965 Wasthawsen,
920 923 989 965 pbr.
1011 927 1044 956 et
1066 924 1122 955 cfr.
1139 935 1169 955 n.
1215 924 1378 956 Michahel
1407 925 1447 957 de
1471 924 1508 956 8⁰
1523 925 1656 957 Andrea
1678 925 1747 967 pbr.
1769 929 1802 957 et

455 974 512 1006 cfr.
529 986 558 1006 n.
605 979 793 1014 Wolfgangus
815 979 931 1006 Tenckh
954 988 997 1008 ev.
1013 979 1237 1013 Novacellensis,
1269 980 1319 1008 cfr.
1336 990 1364 1007 n.
1410 981 1444 1008 D.
1461 981 1602 1009 lohannes
1625 981 1802 1009 Ambstetter

453 1025 487 1052 de
503 1025 696 1053 Waldhausen
715 1025 763 1052 cfr.
777 1035 802 1052 n.

158 1080 186 1108 4.
257 1080 380 1109 IV.non.
403 1077 524 1119 Egino
548 1077 627 1119 pbr.
649 1080 686 1110 et
710 1077 751 1109 fr.
768 1088 798 1109 n.
844 1076 1082 1120 [Ohristanus
1105 1077 1183 1119 pbr.
1208 1077 1252 1109 de
1276 1077 1415 1119 Campo
1439 1077 1606 1110 liliorum
1630 1082 1667 1111 et
1689 1079 1753 1111 cfr.
1771 1091 1801 1112 n.

453 1129 644 1161 Iohannes
671 1139 742 1160 sao.
764 1131 802 1160 et
823 1139 865 1160 m.
884 1129 921 1159 in
944 1128 985 1160 S·
1007 1128 1141 1170 Oruoe,
1172 1129 1237 1160 cfr.
1253 1140 1283 1160 n.
1329 1128 1520 1161 Iohannes
1546 1140 1618 1161 sao.
1642 1134 1678 1162 et
1701 1141 1742 1162 m.
1766 1132 1802 1163 in

454 1180 837 1222 Pawngartenperig,
871 1179 936 1212 cfr.
959 1191 989 1211 n.
1043 1179 1204 1222 Egidius
1234 1180 1364 1222 Hager
1395 1180 1489 1212 diac.
1518 1181 1562 1213 de
1593 1181 1733 1214 Melioo
1765 1186 1802 1214 et

454 1232 517 1263 cfr.
535 1231 578 1274 n.]
623 1232 740 1263 Petrus
762 1231 865 1263 dietus
873 1231 900 1273 ⁸)
916 1231 1179 1274 Pieozenawera)
1202 1242 1293 1273 ppos.
1310 1232 1343 1262 iu
1356 1231 1707 1275 Werthersgarenb)1)‚
1731 1233 1800 1274 pbr.

453 1286 486 1315 et
509 1283 565 1315 cfr.
582 1294 613 1314 11.
658 1282 822 1315 Erhardus
845 1282 886 1315 de
910 1282 1047 1315 Gothico
1071 1283 1148 1314 olim
1171 1283 1257 1324 pleb.
1274 1284 1307 1314 in
1325 1283 1520 1323 Mautternn,
1543 1283 1614 1325 pbr.
1631 1287 1665 1316 et
1687 1285 1742 1316 cfr.
1760 1296 1801 1326 n.,

454 1334 610 1377 (14)67.¹¹)
663 1333 831 1366 conradus
858 1344 921 1366 sae.
944 1337 978 1366 et
1003 1345 1046 1366 m.
1068 1334 1108 1366 de
1130 1334 1287 1375 Werdea,
1320 1334 1376 1366 cfr.
1393 1345 1423 1366 n.
1474 1334 1640 1367 Oonradus
1664 1335 1801 1378 dictus¹³)

454 1385 620 1428 Walich·)
654 1385 695 1418 de
726 1385 862 1426 Subem,
895 1386 965 1428 pbr.
989 1389 1022 1418 et
1057 1386 1113 1418 cfr.
1139 1397 1168 1418 n.
1225 1386 1422 1418 Benedictus
1454 1387 1567 1429 Kollfl)
1601 1388 1735 1430 iudex⁵)
1770 1389 1802 1419 in

455 1437 684 1480 Scherding⁵)‚
714 1438 734 1469 l.
754 1441 788 1469 et
810 1437 867 1469 cfr.
884 1448 913 1469 n.
959 1438 999 1469 D.
1016 1438 1221 1470 Oristofferus
1245 1438 1285 1470 de
1309 1438 1346 1470 S*
1362 1438 1530 1470 Dorothea
1553 1439 1623 1480 pbr.
1641 1443 1674 1471 et
1697 1440 1753 1472 cfr.
1770 1451 1800 1471 11.

452 1489 598 1531 Ignatius
606 1489 633 1531 ⁸)
666 1488 854 1531 Rockinger
864 1489 891 1531 ⁸)
930 1489 970 1521 de
1004 1489 1190 1532 Newburga
1224 1490 1294 1531 pbr.
1327 1493 1360 1522 et
1394 1490 1449 1522 cfr.
1476 1501 1506 1521 n.
1562 1490 1604 1522 D.
1630 1491 1802 1523 Udalricus

452 1540 720 1572 Planckenfelser
743 1551 810 1582 eps.
828 1539 1029 1572 chiemensis
1039 1540 1078 1583 ²),
1102 1541 1171 1582 pbr.
1189 1544 1221 1573 et
1242 1542 1298 1573 cfr.
1313 1552 1344 1573 n.
1389 1546 1422 1573 D.
1435 1546 1618 1573 Sebastianus
1634 1547 1752 1575 Amoser
1767 1548 1801 1575 de

454 1590 657 1625 Herczoburga,
677 1591 738 1625 pbr.
752 1593 781 1619 et
799 1591 847 1618 cfr.
860 1600 887 1618 n.
923 1591 955 1618 D.
970 1591 1107 1619 Iohannes
1126 1592 1273 1619 Fruebiert
1292 1592 1396 1620 ibidem
1417 1592 1477 1627 pbr.
1490 1594 1519 1620 et
1538 1593 1585 1620 cfr.
1602 1602 1628 1619 n.

157 1641 183 1670 5.
252 1642 303 1669 111.
316 1650 378 1669 non.
401 1638 544 1670 Hailka
568 1643 629 1671 cv·
645 1642 682 1671 et
701 1649 771 1670 sor.
787 1650 818 1670 n.
857 1638 1125 1681 [Perohtoldus
1144 1640 1222 1681 pbr.
1239 1641 1277 1671 in
1292 1640 1621 1673 chremsmunster
1638 1644 1675 1672 et
1690 1641 1754 1673 cfr.
1771 1652 1801 1674 n.

453 1690 674 1732 Leopoldus
702 1701 773 1722 sao.
797 1693 835 1722 et
862 1701 904 1722 m.
930 1691 974 1723 de
997 1691 1371 1734 Paumgartenperg,
1404 1691 1469 1724 cfr.
1491 1703 1521 1723 n.
1573 1692 1726 1724 Ulrious
1749 1703 1801 1724 ov.

452 1741 610 1783 ibidem,
634 1742 698 1774 cfr.
714 1753 744 1773 n.
790 1743 880 1774 Otto
897 1743 975 1784 pbr.
994 1747 1031 1775 et
1046 1754 1088 1775 m.
1105 1743 1143 1775 in
1160 1743 1302 1785 Campo
1323 1743 1506 1785 liliorum,
1530 1744 1595 1776 cfr.
1612 1743 1655 1787 n.]
1694 1743 1801 1776 Chun-

453 1793 549 1825 radus
569 1793 639 1836 pbr.
658 1796 691 1826 et
705 1804 747 1825 m.
765 1793 805 1826 de
820 1794 857 1826 Sa
870 1794 983 1835 Oruoe,
1007 1793 1063 1826 cfr.
1081 1805 1111 1826 ιι.
1149 1795 1202 1826 Fr.
1219 1794 1337 1827 Petrus
1352 1795 1577 1837 Rueshaymer
1594 1796 1633 1827 de
1650 1796 1801 1828 Ohrems-

452 1848 597 1877 munster
626 1845 682 1877 cfr.
706 1845 765 1887 n.⁰)
818 1845 979 1877 Iohannes
1011 1845 1052 1877 (16
1082 1846 1282 1888 Neunburga
1312 1846 1382 1888 pbr.
1411 1849 1444 1878 et
1474 1847 1530 1878 cfr.
1557 1858 1587 1878 n.
1641 1847 1802 1879 Iohannes

453 1895 608 1928 Muendel
631 1896 701 1937 pbr.
723 1899 756 1928 et
779 1897 835 1929 cfr.
852 1907 882 1928 n.
927 1897 967 1928 D.
985 1896 1096 1928 Simon
1119 1898 1225 1929 senior
1247 1907 1310 1929 sae.
1334 1897 1374 1929 de
1398 1897 1436 1929 S*
1451 1897 1618 1929 Dorothea
1642 1901 1675 1930 ek
1698 1898 1754 1930 cfr.
1771 1909 1799 1931 n.

451 1947 492 1978 D.
517 1946 702 1989 Stephanus
733 1947 774 1979 de
804 1947 987 1979 Tirnnstain
1019 1948 1076 1979 cfr.
1099 1948 1162 1990 n.‘¹)
1214 1948 1254 1980 D.
1276 1948 1435 1980 Diboldus
1464 1948 1681 1990 Swelnpekoh
1710 1960 1800 1991 ppos.

457 1997 668 2039 Secoviensis‚
691 1999 761 2040 pbr.
779 2002 812 2030 et
835 1999 892 2031 cfr.
908 2010 938 2031 ιι.

159 2056 184 2084 6.
272 2056 304 2083 11.
318 2065 381 2084 non.
404 2053 660 2085 Perchtoldus
686 2054 764 2095 pbr.
788 2057 825 2086 et
851 2054 894 2086 fr.
915 2065 945 2085 n.
996 2054 1252 2097 Dietmarus4)
1279 2055 1357 2096 pbr.
1379 2055 1414 2087 5¹
1430 2055 1601 2097 Nyoolay
1629 2060 1667 2088 et
1689 2056 1753 2088 cfr.
1770 2067 1799 2088 n.

456 2104 615 2137 Chrafto
638 2105 729 2147 pbr.‚
754 2105 901 2137 oblatio
929 2109 940 2137 1
961 2106 1024 2137 tal.
1072 2105 1296 2138 chunradus
1319 2106 1502 2138 Carnifex
1525 2118 1556 2148 p.
1573 2118 1669 2139 suus.
1715 2107 1800 2150 [Ru-

456 2156 587 2188 bertus
610 2168 652 2188 m.
670 2160 707 2188 et
729 2167 801 2188 sao.
817 2158 854 2188 in
876 2156 1242 2200 Pangartenperge),
1267 2158 1330 2190 cfr.
1347 2157 1391 2201 n.]
1436 2158 1575 2190 Iacobus
1599 2158 1639 2190 de
1657 2159 1707 2191 La
1730 2159 1800 2201 pbr.

454 2211 487 2239 et
509 2207 546 2239 fr.
563 2218 593 2239 n.
631 2208 747 2240 Petrus
770 2218 817 2240 ov.
834 2208 874 2239 de
891 2208 926 2240 S*
944 2208 1047 2240 Oruce
1072 2211 1104 2240 et
1127 2209 1182 2240 cfr.
1199 2220 1229 2241 n.
1267 2209 1439 2241 Heinricus
1454 2209 1710 2242 Sinczendorffer
1730 2211 1800 2252 pbr.

455 2261 488 2290 et
510 2259 548 2290 fr.
565 2270 595 2291 n.
641 2259 804 2291 Iohannes
826 2259 896 2301 pbr.
914 2259 955 2292 de
978 2259 1192 2302 Neunburga,
1219 2260 1275 2292 cfr.
1291 2272 1322 2292 ιι.
1368 2261 1529 2293 Iohannes
1552 2261 1655 2293 dietus
1678 2262 1801 2294 Suevus

454 2311 561 2342 senior
579 2310 620 2342 de
633 2310 753 2342 Voraw
768 2311 837 2353 pbr.
855 2314 888 2343 et
904 2311 960 2343 cfr.
973 2322 1004 2343 n.
1041 2311 1081 2343 D.
1097 2311 1261 2344 cristanus
1277 2312 1318 2344 de
1334 2312 1371 2344 S·
1382 2313 1550 2345 Dorothea
1565 2313 1635 2354 pbr.
1653 2316 1686 2345 et
1701 2314 1757 2345 cfr.
1770 2325 1800 2345 n.

455 2361 637 2404 Stephanus
661 2362 812 2395 Satloder
840 2363 881 2394 de
908 2363 1153 2405 Reichensperg
1181 2363 1250 2405 pbr.
1273 2367 1307 2395 et
1334 2363 1390 2396 cfr.
1412 2375 1441 2396 n.
1494 2369 1538 2396 Fr.
1555 2369 1659 2404 Ioseph
1681 2369 1754 2403 prof.
1771 2369 1802 2396 in

454 2412 653 2440 Uundensdorf
672 2415 701 2440 61
724 2413 773 2441 cfr.
789 2423 815 2440 n.
856 2413 899 2441 Fr.
913 2414 1049 2440 Iohannes
1072 2423 1107 2440 m.
1127 2415 1156 2441 et
1180 2414 1240 2448 pbr.
1259 2414 1364 2441 ordinis
1382 2414 1403 2441 si
1414 2415 1563 2442 Benedicti
1580 2415 1610 2442 in
1629 2415 1800 2450 Salisburga,

454 2455 503 2482 cfr.
516 2464 541 2482 n.
578 2456 610 2482 D.
624 2455 755 2483 Placidus
774 2456 887 2484 Trumel
906 2456 981 2491 ders)
1001 2456 1145 2484 Tirnstain
1164 2457 1225 2491 pbr.
1238 2458 1268 2484 et
1285 2466 1320 2483 m.
1334 2457 1368 2485 de
1387 2457 1551 2492 Tegernsee,
1570 2458 1618 2484 cfr.
1631 2467 1658 2485 n.

247 2583 270 2615 ὓ)
297 2584 387 2616 Supra
410 2585 494 2610 locum
517 2593 607 2611 rasum
630 2587 752 2619 scriptum
777 2591 820 2612 est.
930 2585 956 2619 b)
982 2586 1006 2612 Ι.
1024 2595 1044 2612 e.
1067 2586 1282 2620 Bercmesqaden.
1396 2587 1418 2619 c)
1445 2587 1578 2620 Sequentia
1600 2589 1712 2614 nominis
1737 2593 1800 2614 ‘nota

145 2634 227 2658 cupra
253 2626 337 2652 locusm
362 2635 452 2653 rarum
479 2628 583 2661 scripta.
705 2628 730 2662 d)
758 2629 879 2662 Sequitur
911 2634 974 2655 nota
1002 2629 1113 2655 nominis
1140 2630 1231 2655 deleta.
1352 2630 1375 2662 Θ)
1405 2630 1517 2663 eamq..-
1550 2632 1799 2665 Paumgartenperg.

144 2666 164 2700 t)
185 2668 296 2702 Cor-riq„-
315 2670 354 2696 de.

251 2754 270 2785 ¹)
289 2753 386 2781 Petrus
401 2754 449 2787 11„
467 2758 643 2782 1404—1432.
740 2757 761 2789 ²)
785 2755 892 2783 Ulricus
903 2756 943 2782 II.
956 2765 974 2782 a
987 2755 1166 2790 PlankenfeIs,
1185 2761 1354 2784 1454—1467.
1459 2758 1480 2790 ³)
1500 2757 1536 2784 In
1553 2757 1616 2784 serie
1629 2759 1798 2792 ppositorum

146 2794 322 2823 desideratur.
428 2798 450 2830 ⁴)
469 2797 507 2823 In
524 2797 667 2832 diplomate
685 2807 710 2825 α.
724 2801 790 2826 1184
808 2799 878 2825 lestis
896 2802 941 2826 est.
