<?xml version="1.0" encoding="UTF-8"?>
<!DOCTYPE html PUBLIC "-//W3C//DTD XHTML 1.0 Transitional//EN"
    "http://www.w3.org/TR/xhtml1/DTD/xhtml1-transitional.dtd">
<html xmlns="http://www.w3.org/1999/xhtml" xml:lang="en" lang="en">
 <head>
  <title>
</title>
<meta http-equiv="Content-Type" content="text/html;charset=utf-8" />
  <meta name='ocr-system' content='tesseract 3.04.00' />
  <meta name='ocr-capabilities' content='ocr_page ocr_carea ocr_par ocr_line ocrx_word'/>
</head>
<body>
  <div class='ocr_page' id='page_1' title='image "./monumentagerman05geseuoft_0170.png"; bbox 0 0 2150 3178; ppageno 0'>
   <div class='ocr_carea' id='block_1_1' title="bbox 340 183 1850 219">
    <p class='ocr_par' dir='ltr' id='par_1_1' title="bbox 340 183 1850 219">
     <span class='ocr_line' id='line_1_1' title="bbox 340 183 1850 219; baseline 0.001 -6"><span class='ocrx_word' id='word_1_1' title='bbox 340 189 400 219; x_wconf 84' lang='lat'><strong>156</strong></span> <span class='ocrx_word' id='word_1_2' title='bbox 487 184 643 214; x_wconf 81' lang='lat' dir='ltr'><strong>NECROL.</strong></span> <span class='ocrx_word' id='word_1_3' title='bbox 654 183 836 212; x_wconf 74' lang='lat' dir='ltr'>FRATRUM</span> <span class='ocrx_word' id='word_1_4' title='bbox 853 184 1034 212; x_wconf 70' lang='lat' dir='ltr'><strong>umorum</strong></span> <span class='ocrx_word' id='word_1_5' title='bbox 1051 183 1345 213; x_wconf 75' lang='lat' dir='ltr'>OBSERVANTIUM</span> <span class='ocrx_word' id='word_1_6' title='bbox 1362 184 1592 214; x_wconf 78' lang='lat' dir='ltr'><strong>PROV&#39;INCIAE</strong></span> <span class='ocrx_word' id='word_1_7' title='bbox 1607 185 1850 215; x_wconf 74' lang='lat' dir='ltr'><strong>AUSTRIAOAE.</strong></span> 
     </span>
    </p>
   </div>
   <div class='ocr_carea' id='block_1_2' title="bbox 334 271 2047 912">
    <p class='ocr_par' dir='ltr' id='par_1_2' title="bbox 335 271 2002 394">
     <span class='ocr_line' id='line_1_2' title="bbox 336 271 2001 308; baseline 0.002 -9"><span class='ocrx_word' id='word_1_8' title='bbox 336 272 451 300; x_wconf 89' lang='lat' dir='ltr'><strong>minime</strong></span> <span class='ocrx_word' id='word_1_9' title='bbox 470 273 514 300; x_wconf 91' lang='lat' dir='ltr'><strong>est</strong></span> <span class='ocrx_word' id='word_1_10' title='bbox 531 272 695 302; x_wconf 57' lang='lat' dir='ltr'><strong>frustratum</strong></span> <span class='ocrx_word' id='word_1_11' title='bbox 722 279 787 298; x_wconf 81' lang='lat' dir='ltr'><strong>uam</strong></span> <span class='ocrx_word' id='word_1_12' title='bbox 806 272 958 306; x_wconf 69' lang='lat' dir='ltr'><strong>postquam</strong></span> <span class='ocrx_word' id='word_1_13' title='bbox 975 271 1117 300; x_wconf 88' lang='lat' dir='ltr'><strong>matutino</strong></span> <span class='ocrx_word' id='word_1_14' title='bbox 1136 272 1314 300; x_wconf 84' lang='lat' dir='ltr'><strong>decantando</strong></span> <span class='ocrx_word' id='word_1_15' title='bbox 1332 273 1361 299; x_wconf 90' lang='lat' dir='ltr'><strong>et</strong></span> <span class='ocrx_word' id='word_1_16' title='bbox 1379 272 1516 307; x_wconf 79' lang='lat' dir='ltr'><strong>psalendo</strong></span> <span class='ocrx_word' id='word_1_17' title='bbox 1533 281 1598 300; x_wconf 87' lang='lat' dir='ltr'><strong>cum</strong></span> <span class='ocrx_word' id='word_1_18' title='bbox 1615 272 1732 308; x_wconf 80' lang='lat' dir='ltr'><strong>reliquis</strong></span> <span class='ocrx_word' id='word_1_19' title='bbox 1749 273 1833 301; x_wconf 66' lang='lat' dir='ltr'><strong>frisa-1</strong></span> <span class='ocrx_word' id='word_1_20' title='bbox 1844 273 2001 306; x_wconf 78' lang='lat' dir='ltr'><strong>interesset.</strong></span> 
     </span>
     <span class='ocr_line' id='line_1_3' title="bbox 335 314 2002 350; baseline 0.001 -7"><span class='ocrx_word' id='word_1_21' title='bbox 335 314 474 343; x_wconf 74' lang='lat' dir='ltr'><strong>absolutis</strong></span> <span class='ocrx_word' id='word_1_22' title='bbox 498 314 526 342; x_wconf 91' lang='lat' dir='ltr'><strong>in</strong></span> <span class='ocrx_word' id='word_1_23' title='bbox 548 315 633 342; x_wconf 86' lang='lat' dir='ltr'><strong>choro</strong></span> <span class='ocrx_word' id='word_1_24' title='bbox 655 314 788 342; x_wconf 77' lang='lat' dir='ltr'>laudibus</span> <span class='ocrx_word' id='word_1_25' title='bbox 811 314 848 341; x_wconf 85' lang='lat' dir='ltr'><strong>ad</strong></span> <span class='ocrx_word' id='word_1_26' title='bbox 871 314 1004 342; x_wconf 88' lang='lat' dir='ltr'><strong>cellulam</strong></span> <span class='ocrx_word' id='word_1_27' title='bbox 1026 315 1113 343; x_wconf 85' lang='lat' dir='ltr'><strong>redux</strong></span> <span class='ocrx_word' id='word_1_28' title='bbox 1136 323 1200 342; x_wconf 89' lang='lat' dir='ltr'><strong>mox</strong></span> <span class='ocrx_word' id='word_1_29' title='bbox 1222 314 1293 343; x_wconf 91' lang='lat' dir='ltr'><strong>mori</strong></span> <span class='ocrx_word' id='word_1_30' title='bbox 1316 315 1426 350; x_wconf 75' lang='lat' dir='ltr'><strong>incepit</strong></span> <span class='ocrx_word' id='word_1_31' title='bbox 1447 316 1477 343; x_wconf 86' lang='lat' dir='ltr'><strong>et</strong></span> <span class='ocrx_word' id='word_1_32' title='bbox 1498 315 1559 343; x_wconf 83' lang='lat' dir='ltr'><strong>sine</strong></span> <span class='ocrx_word' id='word_1_33' title='bbox 1581 324 1692 344; x_wconf 86' lang='lat' dir='ltr'><strong>suorum</strong></span> <span class='ocrx_word' id='word_1_34' title='bbox 1717 317 1890 345; x_wconf 82' lang='lat' dir='ltr'><strong>confratrum</strong></span> <span class='ocrx_word' id='word_1_35' title='bbox 1911 317 2002 345; x_wconf 89' lang='lat' dir='ltr'><strong>multo</strong></span> 
     </span>
     <span class='ocr_line' id='line_1_4' title="bbox 335 357 1369 394; baseline 0 -8"><span class='ocrx_word' id='word_1_36' title='bbox 335 358 508 394; x_wconf 82' lang='lat' dir='ltr'><strong>gravamine,</strong></span> <span class='ocrx_word' id='word_1_37' title='bbox 527 360 613 393; x_wconf 85' lang='lat' dir='ltr'><strong>prout</strong></span> <span class='ocrx_word' id='word_1_38' title='bbox 631 357 725 393; x_wconf 85' lang='lat' dir='ltr'><strong>petiit,</strong></span> <span class='ocrx_word' id='word_1_39' title='bbox 745 357 806 385; x_wconf 86' lang='lat' dir='ltr'><strong>vita</strong></span> <span class='ocrx_word' id='word_1_40' title='bbox 825 357 909 386; x_wconf 88' lang='lat' dir='ltr'><strong>beate</strong></span> <span class='ocrx_word' id='word_1_41' title='bbox 927 358 1042 386; x_wconf 83' lang='lat' dir='ltr'><strong>functus</strong></span> <span class='ocrx_word' id='word_1_42' title='bbox 1061 360 1104 386; x_wconf 87' lang='lat' dir='ltr'><strong>est</strong></span> <span class='ocrx_word' id='word_1_43' title='bbox 1122 358 1234 386; x_wconf 84' lang='lat' dir='ltr'><strong>Graecii</strong></span> <span class='ocrx_word' id='word_1_44' title='bbox 1252 367 1279 386; x_wconf 90' lang='lat' dir='ltr'><strong>a.</strong></span> <span class='ocrx_word' id='word_1_45' title='bbox 1292 358 1369 386; x_wconf 79' lang='lat'><strong>1527.</strong></span> 
     </span>
    </p>

    <p class='ocr_par' dir='ltr' id='par_1_3' title="bbox 335 401 2044 566">
     <span class='ocr_line' id='line_1_5' title="bbox 442 401 2002 439; baseline 0.002 -11"><span class='ocrx_word' id='word_1_46' title='bbox 442 402 532 430; x_wconf 73' lang='lat' dir='ltr'><strong>VenH·</strong></span> <span class='ocrx_word' id='word_1_47' title='bbox 546 410 573 436; x_wconf 88' lang='lat' dir='ltr'><strong>p.</strong></span> <span class='ocrx_word' id='word_1_48' title='bbox 587 401 736 429; x_wconf 81' lang='lat' dir='ltr'><strong>Medardns</strong></span> <span class='ocrx_word' id='word_1_49' title='bbox 753 401 787 428; x_wconf 85' lang='lat' dir='ltr'><strong>de</strong></span> <span class='ocrx_word' id='word_1_50' title='bbox 800 401 956 434; x_wconf 82' lang='lat' dir='ltr'><strong>Kuerchen,</strong></span> <span class='ocrx_word' id='word_1_51' title='bbox 976 401 1019 429; x_wconf 85' lang='lat' dir='ltr'><strong>vir</strong></span> <span class='ocrx_word' id='word_1_52' title='bbox 1030 401 1146 437; x_wconf 83' lang='lat' dir='ltr'><strong>grandis</strong></span> <span class='ocrx_word' id='word_1_53' title='bbox 1159 401 1324 430; x_wconf 83' lang='lat' dir='ltr'><strong>eruditionis</strong></span> <span class='ocrx_word' id='word_1_54' title='bbox 1336 403 1366 429; x_wconf 88' lang='lat' dir='ltr'><strong>et</strong></span> <span class='ocrx_word' id='word_1_55' title='bbox 1378 401 1522 434; x_wconf 71' lang='lat' dir='ltr'>scientiae,</span> <span class='ocrx_word' id='word_1_56' title='bbox 1540 401 1664 430; x_wconf 84' lang='lat' dir='ltr'><strong>Graecae</strong></span> <span class='ocrx_word' id='word_1_57' title='bbox 1676 404 1707 430; x_wconf 87' lang='lat' dir='ltr'><strong>et</strong></span> <span class='ocrx_word' id='word_1_58' title='bbox 1719 402 1875 432; x_wconf 81' lang='lat' dir='ltr'><strong>Hebraicae</strong></span> <span class='ocrx_word' id='word_1_59' title='bbox 1886 402 2002 439; x_wconf 76' lang='lat' dir='ltr'><strong>linguae</strong></span> 
     </span>
     <span class='ocr_line' id='line_1_6' title="bbox 335 444 2044 484; baseline 0.002 -12"><span class='ocrx_word' id='word_1_60' title='bbox 335 454 452 481; x_wconf 73' lang='lat' dir='ltr'><strong>gnarus,</strong></span> <span class='ocrx_word' id='word_1_61' title='bbox 479 445 553 480; x_wconf 80' lang='lat' dir='ltr'><strong>regis</strong></span> <span class='ocrx_word' id='word_1_62' title='bbox 573 444 742 472; x_wconf 77' lang='lat' dir='ltr'><strong>Ferdinandi</strong></span> <span class='ocrx_word' id='word_1_63' title='bbox 766 444 950 473; x_wconf 87' lang='lat' dir='ltr'><strong>concionator</strong></span> <span class='ocrx_word' id='word_1_64' title='bbox 961 444 1089 484; x_wconf 79' lang='lat' dir='ltr'><strong>aulicus,</strong></span> <span class='ocrx_word' id='word_1_65' title='bbox 1114 445 1261 473; x_wconf 74' lang='lat' dir='ltr'><strong>haeresum</strong></span> <span class='ocrx_word' id='word_1_66' title='bbox 1279 447 1462 481; x_wconf 72' lang='lat' dir='ltr'><strong>oppugnator</strong></span> <span class='ocrx_word' id='word_1_67' title='bbox 1479 445 1644 477; x_wconf 84' lang='lat' dir='ltr'><strong>acerrimus.</strong></span> <span class='ocrx_word' id='word_1_68' title='bbox 1658 454 1687 473; x_wconf 66' lang='lat' dir='ltr'><strong>⁴a</strong></span> <span class='ocrx_word' id='word_1_69' title='bbox 1705 445 1892 474; x_wconf 80' lang='lat' dir='ltr'><strong>Luthericolis</strong></span> <span class='ocrx_word' id='word_1_70' title='bbox 1911 446 2004 475; x_wconf 77' lang='lat' dir='ltr'><strong>verbis</strong></span> <span class='ocrx_word' id='word_1_71' title='bbox 2030 455 2044 476; x_wconf 72' lang='lat'><strong>5</strong></span> 
     </span>
     <span class='ocr_line' id='line_1_7' title="bbox 335 487 2002 525; baseline 0.001 -9"><span class='ocrx_word' id='word_1_72' title='bbox 335 490 365 516; x_wconf 88' lang='lat' dir='ltr'><strong>et</strong></span> <span class='ocrx_word' id='word_1_73' title='bbox 388 488 502 523; x_wconf 85' lang='lat' dir='ltr'><strong>scriptis</strong></span> <span class='ocrx_word' id='word_1_74' title='bbox 523 487 638 523; x_wconf 84' lang='lat' dir='ltr'><strong>saepius</strong></span> <span class='ocrx_word' id='word_1_75' title='bbox 657 488 780 523; x_wconf 85' lang='lat' dir='ltr'><strong>palmam</strong></span> <span class='ocrx_word' id='word_1_76' title='bbox 798 487 910 521; x_wconf 83' lang='lat' dir='ltr'><strong>retulit,</strong></span> <span class='ocrx_word' id='word_1_77' title='bbox 935 488 1100 516; x_wconf 69' lang='lat' dir='ltr'><strong>sanctitatis</strong></span> <span class='ocrx_word' id='word_1_78' title='bbox 1117 488 1195 516; x_wconf 80' lang='lat' dir='ltr'><strong>fama</strong></span> <span class='ocrx_word' id='word_1_79' title='bbox 1212 488 1288 523; x_wconf 87' lang='lat' dir='ltr'><strong>apud</strong></span> <span class='ocrx_word' id='word_1_80' title='bbox 1307 497 1418 516; x_wconf 90' lang='lat' dir='ltr'><strong>omnem</strong></span> <span class='ocrx_word' id='word_1_81' title='bbox 1435 488 1549 524; x_wconf 80' lang='lat' dir='ltr'>plebem</span> <span class='ocrx_word' id='word_1_82' title='bbox 1567 488 1698 522; x_wconf 82' lang='lat' dir='ltr'><strong>celebris,</strong></span> <span class='ocrx_word' id='word_1_83' title='bbox 1720 489 1765 517; x_wconf 89' lang='lat' dir='ltr'><strong>ob.</strong></span> <span class='ocrx_word' id='word_1_84' title='bbox 1778 489 2002 525; x_wconf 65' lang='lat' dir='ltr'><strong>Enmmtorffiv)</strong></span> 
     </span>
     <span class='ocr_line' id='line_1_8' title="bbox 335 531 1288 566; baseline 0.001 -8"><span class='ocrx_word' id='word_1_85' title='bbox 335 540 360 559; x_wconf 86' lang='lat' dir='ltr'><strong>a.</strong></span> <span class='ocrx_word' id='word_1_86' title='bbox 374 531 452 559; x_wconf 81' lang='lat'><strong>1533.</strong></span> <span class='ocrx_word' id='word_1_87' title='bbox 490 531 617 558; x_wconf 87' lang='lat' dir='ltr'><strong>Habetnr</strong></span> <span class='ocrx_word' id='word_1_88' title='bbox 634 531 664 558; x_wconf 93' lang='lat' dir='ltr'><strong>in</strong></span> <span class='ocrx_word' id='word_1_89' title='bbox 682 531 886 566; x_wconf 77' lang='lat' dir='ltr'><strong>martyrologio</strong></span> <span class='ocrx_word' id='word_1_90' title='bbox 905 531 1013 559; x_wconf 82' lang='lat' dir='ltr'><strong>ordinis</strong></span> <span class='ocrx_word' id='word_1_91' title='bbox 1031 531 1077 559; x_wconf 89' lang='lat' dir='ltr'><strong>die</strong></span> <span class='ocrx_word' id='word_1_92' title='bbox 1095 533 1120 559; x_wconf 83' lang='lat'><strong>9.</strong></span> <span class='ocrx_word' id='word_1_93' title='bbox 1134 531 1288 560; x_wconf 75' lang='lat' dir='ltr'>Februarii.</span> 
     </span>
    </p>

    <p class='ocr_par' dir='ltr' id='par_1_4' title="bbox 335 574 2047 775">
     <span class='ocr_line' id='line_1_9' title="bbox 440 574 2002 612; baseline 0.002 -11"><span class='ocrx_word' id='word_1_94' title='bbox 440 574 530 601; x_wconf 71' lang='lat' dir='ltr'><strong>Venu·</strong></span> <span class='ocrx_word' id='word_1_95' title='bbox 547 583 574 610; x_wconf 87' lang='lat' dir='ltr'><strong>p.</strong></span> <span class='ocrx_word' id='word_1_96' title='bbox 589 574 730 610; x_wconf 64' lang='lat' dir='ltr'><strong>Caspai-us</strong></span> <span class='ocrx_word' id='word_1_97' title='bbox 748 574 782 602; x_wconf 85' lang='lat' dir='ltr'><strong>de</strong></span> <span class='ocrx_word' id='word_1_98' title='bbox 802 574 951 608; x_wconf 83' lang='lat' dir='ltr'><strong>Khrembs,</strong></span> <span class='ocrx_word' id='word_1_99' title='bbox 969 575 1110 610; x_wconf 86' lang='lat' dir='ltr'><strong>quondam</strong></span> <span class='ocrx_word' id='word_1_100' title='bbox 1129 575 1288 610; x_wconf 79' lang='lat' dir='ltr'><strong>Freystadii</strong></span> <span class='ocrx_word' id='word_1_101' title='bbox 1306 574 1410 603; x_wconf 90' lang='lat' dir='ltr'><strong>nobilis</strong></span> <span class='ocrx_word' id='word_1_102' title='bbox 1428 575 1496 607; x_wconf 66' lang='lat' dir='ltr'><strong>dec„</strong></span> <span class='ocrx_word' id='word_1_103' title='bbox 1514 574 1624 603; x_wconf 83' lang='lat' dir='ltr'><strong>divitiis</strong></span> <span class='ocrx_word' id='word_1_104' title='bbox 1641 575 1767 610; x_wconf 83' lang='lat' dir='ltr'><strong>affluens,</strong></span> <span class='ocrx_word' id='word_1_105' title='bbox 1785 577 1902 612; x_wconf 80' lang='lat' dir='ltr'><strong>propter</strong></span> <span class='ocrx_word' id='word_1_106' title='bbox 1919 576 2002 605; x_wconf 86' lang='lat' dir='ltr'><strong>deum</strong></span> 
     </span>
     <span class='ocr_line' id='line_1_10' title="bbox 335 617 2002 654; baseline 0.002 -10"><span class='ocrx_word' id='word_1_107' title='bbox 335 617 431 646; x_wconf 85' lang='lat' dir='ltr'><strong>omnia</strong></span> <span class='ocrx_word' id='word_1_108' title='bbox 449 617 610 652; x_wconf 87' lang='lat' dir='ltr'><strong>relinquens</strong></span> <span class='ocrx_word' id='word_1_109' title='bbox 629 618 736 646; x_wconf 78' lang='lat' dir='ltr'>humile</span> <span class='ocrx_word' id='word_1_110' title='bbox 754 618 895 653; x_wconf 84' lang='lat' dir='ltr'><strong>seraphici</strong></span> <span class='ocrx_word' id='word_1_111' title='bbox 913 618 1055 646; x_wconf 80' lang='lat' dir='ltr'><strong>Francisci</strong></span> <span class='ocrx_word' id='word_1_112' title='bbox 1074 618 1236 646; x_wconf 85' lang='lat' dir='ltr'><strong>institutum</strong></span> <span class='ocrx_word' id='word_1_113' title='bbox 1255 618 1402 654; x_wconf 84' lang='lat' dir='ltr'><strong>amplexus</strong></span> <span class='ocrx_word' id='word_1_114' title='bbox 1419 620 1471 646; x_wconf 81' lang='lat' dir='ltr'><strong>est.</strong></span> <span class='ocrx_word' id='word_1_115' title='bbox 1507 618 1562 646; x_wconf 85' lang='lat' dir='ltr'><strong>Hic</strong></span> <span class='ocrx_word' id='word_1_116' title='bbox 1579 618 1615 646; x_wconf 93' lang='lat' dir='ltr'><strong>ob</strong></span> <span class='ocrx_word' id='word_1_117' title='bbox 1633 618 1779 647; x_wconf 79' lang='lat' dir='ltr'><strong>doctrinae</strong></span> <span class='ocrx_word' id='word_1_118' title='bbox 1797 619 2002 652; x_wconf 73' lang='lat' dir='ltr'><strong>excellentiam,</strong></span> 
     </span>
     <span class='ocr_line' id='line_1_11' title="bbox 335 660 2047 700; baseline 0.002 -13"><span class='ocrx_word' id='word_1_119' title='bbox 335 660 444 696; x_wconf 79' lang='lat' dir='ltr'><strong>ingenii</strong></span> <span class='ocrx_word' id='word_1_120' title='bbox 464 661 711 696; x_wconf 71' lang='lat' dir='ltr'><strong>perspicuitatem.</strong></span> <span class='ocrx_word' id='word_1_121' title='bbox 737 661 814 690; x_wconf 84' lang='lat' dir='ltr'><strong>vitae</strong></span> <span class='ocrx_word' id='word_1_122' title='bbox 836 661 1033 698; x_wconf 75' lang='lat' dir='ltr'><strong>integritatem</strong></span> <span class='ocrx_word' id='word_1_123' title='bbox 1056 664 1100 690; x_wconf 85' lang='lat' dir='ltr'><strong>ter</strong></span> <span class='ocrx_word' id='word_1_124' title='bbox 1122 661 1151 689; x_wconf 90' lang='lat' dir='ltr'><strong>in</strong></span> <span class='ocrx_word' id='word_1_125' title='bbox 1173 662 1283 690; x_wconf 76' lang='lat' dir='ltr'><strong>min¹¹¹¹¹¹</strong></span> <span class='ocrx_word' id='word_1_126' title='bbox 1301 662 1433 690; x_wconf 81' lang='lat' dir='ltr'><strong>Austriae</strong></span> <span class='ocrx_word' id='word_1_127' title='bbox 1451 663 1613 698; x_wconf 83' lang='lat' dir='ltr'><strong>assumptus</strong></span> <span class='ocrx_word' id='word_1_128' title='bbox 1630 662 1760 698; x_wconf 78' lang='lat' dir='ltr'><strong>plurimis</strong></span> <span class='ocrx_word' id='word_1_129' title='bbox 1777 672 1828 698; x_wconf 87' lang='lat' dir='ltr'><strong>pro</strong></span> <span class='ocrx_word' id='word_1_130' title='bbox 1845 663 1893 691; x_wconf 87' lang='lat' dir='ltr'><strong>dei</strong></span> <span class='ocrx_word' id='word_1_131' title='bbox 1909 663 2002 700; x_wconf 75' lang='lat' dir='ltr'><strong>gloria</strong></span> <span class='ocrx_word' id='word_1_132' title='bbox 2020 670 2047 692; x_wconf 84' lang='grc' dir='ltr'><strong>ιο</strong></span> 
     </span>
     <span class='ocr_line' id='line_1_12' title="bbox 335 703 2003 742; baseline 0.002 -11"><span class='ocrx_word' id='word_1_133' title='bbox 335 703 493 732; x_wconf 87' lang='lat' dir='ltr'><strong>animarum</strong></span> <span class='ocrx_word' id='word_1_134' title='bbox 518 704 610 732; x_wconf 80' lang='lat' dir='ltr'><strong>salute</strong></span> <span class='ocrx_word' id='word_1_135' title='bbox 636 706 666 732; x_wconf 86' lang='lat' dir='ltr'><strong>et</strong></span> <span class='ocrx_word' id='word_1_136' title='bbox 690 704 853 739; x_wconf 82' lang='lat' dir='ltr'><strong>provinciae</strong></span> <span class='ocrx_word' id='word_1_137' title='bbox 875 705 1063 733; x_wconf 74' lang='lat' dir='ltr'><strong>emolumento</strong></span> <span class='ocrx_word' id='word_1_138' title='bbox 1087 705 1240 733; x_wconf 69' lang='lat' dir='ltr'><strong>exantlatis</strong></span> <span class='ocrx_word' id='word_1_139' title='bbox 1263 705 1408 733; x_wconf 75' lang='lat' dir='ltr'><strong>laboribus</strong></span> <span class='ocrx_word' id='word_1_140' title='bbox 1431 705 1460 733; x_wconf 87' lang='lat' dir='ltr'><strong>in</strong></span> <span class='ocrx_word' id='word_1_141' title='bbox 1483 707 1584 733; x_wconf 87' lang='lat' dir='ltr'><strong>sancta</strong></span> <span class='ocrx_word' id='word_1_142' title='bbox 1606 714 1677 741; x_wconf 85' lang='lat' dir='ltr'><strong>pace</strong></span> <span class='ocrx_word' id='word_1_143' title='bbox 1694 705 1816 741; x_wconf 78' lang='lat' dir='ltr'><strong>quiescit</strong></span> <span class='ocrx_word' id='word_1_144' title='bbox 1834 706 2003 742; x_wconf 75' lang='lat' dir='ltr'><strong>Puppingae</strong></span> 
     </span>
     <span class='ocr_line' id='line_1_13' title="bbox 335 748 451 775; baseline -0.009 0"><span class='ocrx_word' id='word_1_145' title='bbox 335 755 361 775; x_wconf 81' lang='lat' dir='ltr'><strong>a.</strong></span> <span class='ocrx_word' id='word_1_146' title='bbox 375 748 451 774; x_wconf 80' lang='lat'><strong>1533.</strong></span> 
     </span>
    </p>

    <p class='ocr_par' dir='ltr' id='par_1_5' title="bbox 334 790 2045 912">
     <span class='ocr_line' id='line_1_14' title="bbox 441 790 2003 829; baseline 0.003 -11"><span class='ocrx_word' id='word_1_147' title='bbox 441 790 509 818; x_wconf 86' lang='lat' dir='ltr'><strong>Rev.</strong></span> <span class='ocrx_word' id='word_1_148' title='bbox 523 791 554 818; x_wconf 83' lang='lat' dir='ltr'><strong>fr.</strong></span> <span class='ocrx_word' id='word_1_149' title='bbox 568 791 801 819; x_wconf 82' lang='lat' dir='ltr'><strong>Bartholomaeus</strong></span> <span class='ocrx_word' id='word_1_150' title='bbox 816 791 851 819; x_wconf 89' lang='lat' dir='ltr'><strong>de</strong></span> <span class='ocrx_word' id='word_1_151' title='bbox 865 791 990 824; x_wconf 81' lang='lat' dir='ltr'><strong>Tachau,</strong></span> <span class='ocrx_word' id='word_1_152' title='bbox 1009 791 1074 820; x_wconf 80' lang='lat' dir='ltr'><strong>cler.</strong></span> <span class='ocrx_word' id='word_1_153' title='bbox 1086 791 1288 820; x_wconf 84' lang='lat' dir='ltr'><strong>mundissimae</strong></span> <span class='ocrx_word' id='word_1_154' title='bbox 1301 791 1500 824; x_wconf 86' lang='lat' dir='ltr'><strong>conscientiae,</strong></span> <span class='ocrx_word' id='word_1_155' title='bbox 1518 792 1600 820; x_wconf 89' lang='lat' dir='ltr'><strong>donis</strong></span> <span class='ocrx_word' id='word_1_156' title='bbox 1618 792 1729 829; x_wconf 76' lang='lat' dir='ltr'><strong>gratiae</strong></span> <span class='ocrx_word' id='word_1_157' title='bbox 1748 794 1778 821; x_wconf 89' lang='lat' dir='ltr'><strong>et</strong></span> <span class='ocrx_word' id='word_1_158' title='bbox 1796 795 1916 822; x_wconf 83' lang='lat' dir='ltr'><strong>naturae</strong></span> <span class='ocrx_word' id='word_1_159' title='bbox 1934 794 2003 823; x_wconf 84' lang='lat' dir='ltr'><strong>mire</strong></span> 
     </span>
     <span class='ocr_line' id='line_1_15' title="bbox 334 833 2002 872; baseline 0.002 -11"><span class='ocrx_word' id='word_1_160' title='bbox 334 833 457 866; x_wconf 79' lang='lat' dir='ltr'><strong>ditatus,</strong></span> <span class='ocrx_word' id='word_1_161' title='bbox 475 834 633 862; x_wconf 88' lang='lat' dir='ltr'><strong>Bononiam</strong></span> <span class='ocrx_word' id='word_1_162' title='bbox 657 834 813 862; x_wconf 84' lang='lat' dir='ltr'><strong>studiorum</strong></span> <span class='ocrx_word' id='word_1_163' title='bbox 833 843 918 862; x_wconf 86' lang='lat' dir='ltr'><strong>cansa</strong></span> <span class='ocrx_word' id='word_1_164' title='bbox 935 834 1048 867; x_wconf 86' lang='lat' dir='ltr'><strong>missus,</strong></span> <span class='ocrx_word' id='word_1_165' title='bbox 1067 834 1173 862; x_wconf 89' lang='lat' dir='ltr'><strong>ibidem</strong></span> <span class='ocrx_word' id='word_1_166' title='bbox 1192 835 1320 868; x_wconf 87' lang='lat' dir='ltr'><strong>ridendo,</strong></span> <span class='ocrx_word' id='word_1_167' title='bbox 1340 835 1407 863; x_wconf 92' lang='lat' dir='ltr'><strong>dum</strong></span> <span class='ocrx_word' id='word_1_168' title='bbox 1424 835 1476 863; x_wconf 87' lang='lat' dir='ltr'><strong>alii</strong></span> <span class='ocrx_word' id='word_1_169' title='bbox 1494 835 1550 871; x_wconf 91' lang='lat' dir='ltr'><strong>ipsi</strong></span> <span class='ocrx_word' id='word_1_170' title='bbox 1568 835 1733 864; x_wconf 74' lang='lat' dir='ltr'><strong>assistentes</strong></span> <span class='ocrx_word' id='word_1_171' title='bbox 1753 836 2002 872; x_wconf 81' lang='lat' dir='ltr'><strong>lachrymarentur,</strong></span> 
     </span>
     <span class='ocr_line' id='line_1_16' title="bbox 334 877 2045 912; baseline 0.002 -8"><span class='ocrx_word' id='word_1_172' title='bbox 334 877 479 912; x_wconf 82' lang='lat' dir='ltr'><strong>expiravit</strong></span> <span class='ocrx_word' id='word_1_173' title='bbox 497 887 522 905; x_wconf 86' lang='lat' dir='ltr'><strong>a.</strong></span> <span class='ocrx_word' id='word_1_174' title='bbox 539 878 614 905; x_wconf 84' lang='lat'><strong>1519.</strong></span> <span class='ocrx_word' id='word_1_175' title='bbox 2020 887 2045 908; x_wconf 80' lang='lat' dir='ltr'><strong>u</strong></span> 
     </span>
    </p>
   </div>
   <div class='ocr_carea' id='block_1_3' title="bbox 440 973 1746 1016">
    <p class='ocr_par' dir='ltr' id='par_1_6' title="bbox 440 973 1746 1016">
     <span class='ocr_line' id='line_1_17' title="bbox 440 973 1746 1016; baseline 0.002 -10"><span class='ocrx_word' id='word_1_176' title='bbox 440 973 722 1007; x_wconf 81' lang='lat' dir='ltr'><strong>concionatores</strong></span> <span class='ocrx_word' id='word_1_177' title='bbox 746 973 954 1015; x_wconf 83' lang='lat' dir='ltr'><strong>apostolici,</strong></span> <span class='ocrx_word' id='word_1_178' title='bbox 977 973 1150 1015; x_wconf 79' lang='lat' dir='ltr'><strong>caesarei,</strong></span> <span class='ocrx_word' id='word_1_179' title='bbox 1173 973 1279 1016; x_wconf 79' lang='lat' dir='ltr'><strong>regii,</strong></span> <span class='ocrx_word' id='word_1_180' title='bbox 1301 973 1389 1007; x_wconf 81' lang='lat' dir='ltr'><strong>item</strong></span> <span class='ocrx_word' id='word_1_181' title='bbox 1413 975 1452 1007; x_wconf 86' lang='lat' dir='ltr'><strong>et</strong></span> <span class='ocrx_word' id='word_1_182' title='bbox 1473 973 1639 1014; x_wconf 76' lang='lat' dir='ltr'><strong>theologi</strong></span> <span class='ocrx_word' id='word_1_183' title='bbox 1660 975 1746 1009; x_wconf 86' lang='lat' dir='ltr'><strong>etc.:</strong></span> 
     </span>
    </p>
   </div>
   <div class='ocr_carea' id='block_1_4' title="bbox 335 1042 2047 1554">
    <p class='ocr_par' dir='ltr' id='par_1_7' title="bbox 335 1042 2047 1207">
     <span class='ocr_line' id='line_1_18' title="bbox 441 1042 2002 1079; baseline 0.002 -10"><span class='ocrx_word' id='word_1_184' title='bbox 441 1043 509 1070; x_wconf 86' lang='lat' dir='ltr'><strong>Rev.</strong></span> <span class='ocrx_word' id='word_1_185' title='bbox 523 1051 550 1077; x_wconf 91' lang='lat' dir='ltr'><strong>p.</strong></span> <span class='ocrx_word' id='word_1_186' title='bbox 563 1042 733 1070; x_wconf 86' lang='lat' dir='ltr'><strong>Benedictus</strong></span> <span class='ocrx_word' id='word_1_187' title='bbox 751 1042 787 1070; x_wconf 89' lang='lat' dir='ltr'><strong>de</strong></span> <span class='ocrx_word' id='word_1_188' title='bbox 804 1042 961 1075; x_wconf 85' lang='lat' dir='ltr'><strong>Carinthia‚</strong></span> <span class='ocrx_word' id='word_1_189' title='bbox 980 1042 1072 1070; x_wconf 90' lang='lat' dir='ltr'><strong>nobili</strong></span> <span class='ocrx_word' id='word_1_190' title='bbox 1089 1051 1192 1078; x_wconf 80' lang='lat' dir='ltr'><strong>genere</strong></span> <span class='ocrx_word' id='word_1_191' title='bbox 1209 1044 1302 1075; x_wconf 79' lang='lat' dir='ltr'><strong>natus,</strong></span> <span class='ocrx_word' id='word_1_192' title='bbox 1321 1043 1502 1071; x_wconf 78' lang='lat' dir='ltr'><strong>concionator</strong></span> <span class='ocrx_word' id='word_1_193' title='bbox 1519 1043 1700 1079; x_wconf 81' lang='lat' dir='ltr'><strong>apostolicus,</strong></span> <span class='ocrx_word' id='word_1_194' title='bbox 1719 1043 1838 1071; x_wconf 85' lang='lat' dir='ltr'><strong>eximius</strong></span> <span class='ocrx_word' id='word_1_195' title='bbox 1856 1044 2002 1073; x_wconf 82' lang='lat' dir='ltr'><strong>lucranda-</strong></span> 
     </span>
     <span class='ocr_line' id='line_1_19' title="bbox 335 1085 2003 1123; baseline 0.002 -11"><span class='ocrx_word' id='word_1_196' title='bbox 335 1095 397 1113; x_wconf 80' lang='lat' dir='ltr'><strong>rum</strong></span> <span class='ocrx_word' id='word_1_197' title='bbox 416 1085 573 1113; x_wconf 81' lang='lat' dir='ltr'><strong>animarum</strong></span> <span class='ocrx_word' id='word_1_198' title='bbox 593 1086 697 1114; x_wconf 85' lang='lat' dir='ltr'><strong>zelotes</strong></span> <span class='ocrx_word' id='word_1_199' title='bbox 716 1086 847 1121; x_wconf 88' lang='lat' dir='ltr'><strong>omnique</strong></span> <span class='ocrx_word' id='word_1_200' title='bbox 866 1086 973 1121; x_wconf 87' lang='lat' dir='ltr'><strong>populo</strong></span> <span class='ocrx_word' id='word_1_201' title='bbox 991 1085 1217 1121; x_wconf 79' lang='lat' dir='ltr'><strong>acceptissimus,</strong></span> <span class='ocrx_word' id='word_1_202' title='bbox 1241 1095 1259 1114; x_wconf 91' lang='lat' dir='ltr'><strong>a</strong></span> <span class='ocrx_word' id='word_1_203' title='bbox 1277 1085 1376 1114; x_wconf 84' lang='lat' dir='ltr'><strong>Turcis</strong></span> <span class='ocrx_word' id='word_1_204' title='bbox 1393 1088 1495 1122; x_wconf 88' lang='lat' dir='ltr'><strong>captus</strong></span> <span class='ocrx_word' id='word_1_205' title='bbox 1513 1086 1662 1115; x_wconf 83' lang='lat' dir='ltr'><strong>durissima</strong></span> <span class='ocrx_word' id='word_1_206' title='bbox 1679 1095 1808 1122; x_wconf 84' lang='lat' dir='ltr'><strong>quaeque</strong></span> <span class='ocrx_word' id='word_1_207' title='bbox 1826 1096 1878 1123; x_wconf 75' lang='lat' dir='ltr'><strong>pro</strong></span> <span class='ocrx_word' id='word_1_208' title='bbox 1896 1086 2003 1117; x_wconf 80' lang='lat' dir='ltr'><strong>Christi</strong></span> 
     </span>
     <span class='ocr_line' id='line_1_20' title="bbox 335 1129 2003 1166; baseline 0.002 -10"><span class='ocrx_word' id='word_1_209' title='bbox 335 1129 447 1156; x_wconf 90' lang='lat' dir='ltr'><strong>nomine</strong></span> <span class='ocrx_word' id='word_1_210' title='bbox 466 1129 589 1157; x_wconf 85' lang='lat' dir='ltr'><strong>libenter</strong></span> <span class='ocrx_word' id='word_1_211' title='bbox 607 1129 749 1162; x_wconf 83' lang='lat' dir='ltr'><strong>toleravit,</strong></span> <span class='ocrx_word' id='word_1_212' title='bbox 769 1129 879 1165; x_wconf 82' lang='lat' dir='ltr'><strong>piorum</strong></span> <span class='ocrx_word' id='word_1_213' title='bbox 898 1130 1077 1165; x_wconf 81' lang='lat' dir='ltr'><strong>eleemosyna</strong></span> <span class='ocrx_word' id='word_1_214' title='bbox 1094 1129 1265 1165; x_wconf 81' lang='lat' dir='ltr'><strong>redemptus,</strong></span> <span class='ocrx_word' id='word_1_215' title='bbox 1283 1130 1395 1158; x_wconf 87' lang='lat' dir='ltr'><strong>demum</strong></span> <span class='ocrx_word' id='word_1_216' title='bbox 1413 1130 1443 1158; x_wconf 90' lang='lat' dir='ltr'><strong>in</strong></span> <span class='ocrx_word' id='word_1_217' title='bbox 1461 1131 1602 1158; x_wconf 82' lang='lat' dir='ltr'><strong>conventu</strong></span> <span class='ocrx_word' id='word_1_218' title='bbox 1614 1130 1826 1166; x_wconf 79' lang='lat' dir='ltr'><strong>Egenburgensi</strong></span> <span class='ocrx_word' id='word_1_219' title='bbox 1845 1131 1930 1160; x_wconf 85' lang='lat' dir='ltr'><strong>beato</strong></span> <span class='ocrx_word' id='word_1_220' title='bbox 1947 1131 2003 1160; x_wconf 76' lang='lat' dir='ltr'><strong>{ine</strong></span> 
     </span>
     <span class='ocr_line' id='line_1_21' title="bbox 335 1172 2047 1207; baseline 0.002 -8"><span class='ocrx_word' id='word_1_221' title='bbox 335 1172 448 1207; x_wconf 88' lang='lat' dir='ltr'><strong>quievit</strong></span> <span class='ocrx_word' id='word_1_222' title='bbox 465 1181 491 1200; x_wconf 83' lang='lat' dir='ltr'><strong>a.</strong></span> <span class='ocrx_word' id='word_1_223' title='bbox 503 1173 579 1200; x_wconf 78' lang='lat'><strong>1506.</strong></span> <span class='ocrx_word' id='word_1_224' title='bbox 2019 1180 2047 1202; x_wconf 73' lang='lat'><strong>2⁰</strong></span> 
     </span>
    </p>

    <p class='ocr_par' dir='ltr' id='par_1_8' title="bbox 336 1216 2045 1420">
     <span class='ocr_line' id='line_1_22' title="bbox 442 1216 2003 1253; baseline 0.001 -9"><span class='ocrx_word' id='word_1_225' title='bbox 442 1216 510 1251; x_wconf 82' lang='lat' dir='ltr'><strong>Rep.</strong></span> <span class='ocrx_word' id='word_1_226' title='bbox 524 1225 551 1251; x_wconf 89' lang='lat' dir='ltr'><strong>p.</strong></span> <span class='ocrx_word' id='word_1_227' title='bbox 565 1216 746 1243; x_wconf 81' lang='lat' dir='ltr'><strong>&#39;l&#39;heobaldus</strong></span> <span class='ocrx_word' id='word_1_228' title='bbox 764 1216 799 1244; x_wconf 89' lang='lat' dir='ltr'><strong>de</strong></span> <span class='ocrx_word' id='word_1_229' title='bbox 812 1216 948 1252; x_wconf 66' lang='lat' dir='ltr'><strong>Geiding,</strong></span> <span class='ocrx_word' id='word_1_230' title='bbox 968 1216 1148 1251; x_wconf 84' lang='lat' dir='ltr'><strong>praedicator</strong></span> <span class='ocrx_word' id='word_1_231' title='bbox 1166 1216 1294 1250; x_wconf 87' lang='lat' dir='ltr'><strong>celebris,</strong></span> <span class='ocrx_word' id='word_1_232' title='bbox 1312 1217 1349 1244; x_wconf 86' lang='lat' dir='ltr'><strong>ab</strong></span> <span class='ocrx_word' id='word_1_233' title='bbox 1368 1217 1444 1244; x_wconf 91' lang='lat' dir='ltr'><strong>omni</strong></span> <span class='ocrx_word' id='word_1_234' title='bbox 1463 1217 1570 1253; x_wconf 88' lang='lat' dir='ltr'><strong>populo</strong></span> <span class='ocrx_word' id='word_1_235' title='bbox 1588 1217 1624 1245; x_wconf 89' lang='lat' dir='ltr'><strong>ob</strong></span> <span class='ocrx_word' id='word_1_236' title='bbox 1642 1217 1788 1252; x_wconf 82' lang='lat' dir='ltr'><strong>ingentem</strong></span> <span class='ocrx_word' id='word_1_237' title='bbox 1806 1217 2003 1246; x_wconf 82' lang='lat' dir='ltr'><strong>lucrandarum</strong></span> 
     </span>
     <span class='ocr_line' id='line_1_23' title="bbox 337 1259 2003 1295; baseline 0.002 -9"><span class='ocrx_word' id='word_1_238' title='bbox 337 1259 494 1287; x_wconf 85' lang='lat' dir='ltr'><strong>animarum</strong></span> <span class='ocrx_word' id='word_1_239' title='bbox 519 1260 609 1287; x_wconf 87' lang='lat' dir='ltr'><strong>zelum</strong></span> <span class='ocrx_word' id='word_1_240' title='bbox 633 1262 813 1294; x_wconf 83' lang='lat' dir='ltr'><strong>nuncupatus</strong></span> <span class='ocrx_word' id='word_1_241' title='bbox 830 1259 963 1288; x_wconf 80' lang='lat' dir='ltr'><strong>Austriae</strong></span> <span class='ocrx_word' id='word_1_242' title='bbox 986 1260 1140 1295; x_wconf 77' lang='lat' dir='ltr'><strong>apostolus.</strong></span> <span class='ocrx_word' id='word_1_243' title='bbox 1180 1260 1253 1288; x_wconf 90' lang='lat' dir='ltr'><strong>Dum</strong></span> <span class='ocrx_word' id='word_1_244' title='bbox 1275 1269 1301 1288; x_wconf 88' lang='lat' dir='ltr'><strong>a.</strong></span> <span class='ocrx_word' id='word_1_245' title='bbox 1319 1261 1387 1289; x_wconf 82' lang='lat'>1520</span> <span class='ocrx_word' id='word_1_246' title='bbox 1411 1260 1457 1289; x_wconf 85' lang='lat' dir='ltr'><strong>die</strong></span> <span class='ocrx_word' id='word_1_247' title='bbox 1477 1261 1518 1289; x_wconf 79' lang='lat'><strong>16.</strong></span> <span class='ocrx_word' id='word_1_248' title='bbox 1533 1260 1654 1289; x_wconf 83' lang='lat' dir='ltr'><strong>ianuarii</strong></span> <span class='ocrx_word' id='word_1_249' title='bbox 1679 1269 1735 1288; x_wconf 90' lang='lat' dir='ltr'><strong>non</strong></span> <span class='ocrx_word' id='word_1_250' title='bbox 1757 1259 1817 1288; x_wconf 87' lang='lat' dir='ltr'><strong>sine</strong></span> <span class='ocrx_word' id='word_1_251' title='bbox 1839 1260 2003 1289; x_wconf 80' lang='lat' dir='ltr'><strong>sanctitatis</strong></span> 
     </span>
     <span class='ocr_line' id='line_1_24' title="bbox 336 1302 2002 1340; baseline 0.001 -10"><span class='ocrx_word' id='word_1_252' title='bbox 336 1302 468 1338; x_wconf 87' lang='lat' dir='ltr'><strong>opinione</strong></span> <span class='ocrx_word' id='word_1_253' title='bbox 488 1312 648 1338; x_wconf 80' lang='lat' dir='ltr'><strong>supremum</strong></span> <span class='ocrx_word' id='word_1_254' title='bbox 667 1303 785 1331; x_wconf 88' lang='lat' dir='ltr'><strong>obiisset</strong></span> <span class='ocrx_word' id='word_1_255' title='bbox 803 1302 878 1331; x_wconf 80' lang='lat' dir='ltr'><strong>diem</strong></span> <span class='ocrx_word' id='word_1_256' title='bbox 893 1302 1018 1330; x_wconf 79' lang='lat' dir='ltr'><strong>Viennae</strong></span> <span class='ocrx_word' id='word_1_257' title='bbox 1037 1303 1074 1331; x_wconf 83' lang='lat' dir='ltr'><strong>ad</strong></span> <span class='ocrx_word' id='word_1_258' title='bbox 1087 1303 1144 1330; x_wconf 70' lang='grc' dir='ltr'><strong>Βωιι</strong></span> <span class='ocrx_word' id='word_1_259' title='bbox 1157 1303 1361 1336; x_wconf 74' lang='lat' dir='ltr'><strong>Theobaldum,</strong></span> <span class='ocrx_word' id='word_1_260' title='bbox 1380 1303 1440 1332; x_wconf 88' lang='lat' dir='ltr'><strong>eius</strong></span> <span class='ocrx_word' id='word_1_261' title='bbox 1451 1303 1535 1331; x_wconf 84' lang='lat' dir='ltr'><strong>funus</strong></span> <span class='ocrx_word' id='word_1_262' title='bbox 1548 1303 1663 1340; x_wconf 85' lang='lat' dir='ltr'><strong>plurimi</strong></span> <span class='ocrx_word' id='word_1_263' title='bbox 1677 1303 1835 1332; x_wconf 79' lang='lat' dir='ltr'><strong>saeculares</strong></span> <span class='ocrx_word' id='word_1_264' title='bbox 1848 1303 2002 1339; x_wconf 79' lang='lat' dir='ltr'><strong>collachry-</strong></span> 
     </span>
     <span class='ocr_line' id='line_1_25' title="bbox 336 1342 2001 1382; baseline 0.001 -9"><span class='ocrx_word' id='word_1_265' title='bbox 336 1348 446 1374; x_wconf 83' lang='lat' dir='ltr'><strong>mantes</strong></span> <span class='ocrx_word' id='word_1_266' title='bbox 465 1346 594 1374; x_wconf 81' lang='lat' dir='ltr'><strong>comitati</strong></span> <span class='ocrx_word' id='word_1_267' title='bbox 614 1348 687 1377; x_wconf 78' lang='lat' dir='ltr'><strong>sunt.</strong></span> <span class='ocrx_word' id='word_1_268' title='bbox 710 1348 740 1374; x_wconf 87' lang='lat' dir='ltr'><strong>et</strong></span> <span class='ocrx_word' id='word_1_269' title='bbox 758 1346 826 1381; x_wconf 90' lang='lat' dir='ltr'><strong>quia</strong></span> <span class='ocrx_word' id='word_1_270' title='bbox 844 1346 888 1374; x_wconf 87' lang='lat' dir='ltr'><strong>bis</strong></span> <span class='ocrx_word' id='word_1_271' title='bbox 906 1346 985 1374; x_wconf 90' lang='lat' dir='ltr'><strong>mille</strong></span> <span class='ocrx_word' id='word_1_272' title='bbox 1004 1348 1034 1374; x_wconf 92' lang='lat' dir='ltr'><strong>et</strong></span> <span class='ocrx_word' id='word_1_273' title='bbox 1052 1346 1146 1382; x_wconf 82' lang='lat' dir='ltr'><strong>plures</strong></span> <span class='ocrx_word' id='word_1_274' title='bbox 1164 1355 1304 1374; x_wconf 86' lang='lat' dir='ltr'><strong>sermones</strong></span> <span class='ocrx_word' id='word_1_275' title='bbox 1317 1347 1443 1375; x_wconf 87' lang='lat' dir='ltr'><strong>Viennae</strong></span> <span class='ocrx_word' id='word_1_276' title='bbox 1461 1342 1571 1381; x_wconf 83' lang='lat' dir='ltr'><strong>habuit,</strong></span> <span class='ocrx_word' id='word_1_277' title='bbox 1594 1346 1695 1375; x_wconf 86' lang='lat' dir='ltr'><strong>merito</strong></span> <span class='ocrx_word' id='word_1_278' title='bbox 1713 1346 1918 1375; x_wconf 85' lang='lat' dir='ltr'><strong>concionatoris</strong></span> <span class='ocrx_word' id='word_1_279' title='bbox 1934 1354 2001 1382; x_wconf 88' lang='lat' dir='ltr'><strong>apo-</strong></span> 
     </span>
     <span class='ocr_line' id='line_1_26' title="bbox 337 1389 2045 1420; baseline 0.002 -4"><span class='ocrx_word' id='word_1_280' title='bbox 337 1390 430 1417; x_wconf 84' lang='lat' dir='ltr'><strong>stolici</strong></span> <span class='ocrx_word' id='word_1_281' title='bbox 449 1390 566 1417; x_wconf 87' lang='lat' dir='ltr'><strong>titulum</strong></span> <span class='ocrx_word' id='word_1_282' title='bbox 585 1389 719 1417; x_wconf 86' lang='lat' dir='ltr'><strong>obtinuit.</strong></span> <span class='ocrx_word' id='word_1_283' title='bbox 2019 1398 2045 1420; x_wconf 65' lang='grc' dir='ltr'><strong>’ὅ</strong></span> 
     </span>
    </p>

    <p class='ocr_par' dir='ltr' id='par_1_9' title="bbox 335 1432 2005 1554">
     <span class='ocr_line' id='line_1_27' title="bbox 441 1432 2004 1469; baseline 0.001 -9"><span class='ocrx_word' id='word_1_284' title='bbox 441 1433 508 1461; x_wconf 86' lang='lat' dir='ltr'><strong>Rev.</strong></span> <span class='ocrx_word' id='word_1_285' title='bbox 525 1442 552 1468; x_wconf 90' lang='lat' dir='ltr'><strong>p.</strong></span> <span class='ocrx_word' id='word_1_286' title='bbox 571 1433 720 1460; x_wconf 83' lang='lat' dir='ltr'><strong>Medardus</strong></span> <span class='ocrx_word' id='word_1_287' title='bbox 746 1441 799 1460; x_wconf 84' lang='lat' dir='ltr'><strong>van</strong></span> <span class='ocrx_word' id='word_1_288' title='bbox 823 1432 959 1465; x_wconf 83' lang='lat' dir='ltr'><strong>Kirchen,</strong></span> <span class='ocrx_word' id='word_1_289' title='bbox 986 1433 1074 1460; x_wconf 85' lang='lat' dir='ltr'><strong>mirae</strong></span> <span class='ocrx_word' id='word_1_290' title='bbox 1098 1433 1265 1462; x_wconf 86' lang='lat' dir='ltr'><strong>eruditionis</strong></span> <span class='ocrx_word' id='word_1_291' title='bbox 1290 1433 1345 1466; x_wconf 83' lang='lat' dir='ltr'><strong>vir,</strong></span> <span class='ocrx_word' id='word_1_292' title='bbox 1371 1433 1473 1462; x_wconf 83' lang='lat' dir='ltr'><strong>Graeci</strong></span> <span class='ocrx_word' id='word_1_293' title='bbox 1495 1433 1685 1468; x_wconf 83' lang='lat' dir='ltr'><strong>Hebraicique</strong></span> <span class='ocrx_word' id='word_1_294' title='bbox 1708 1433 1853 1461; x_wconf 84' lang='lat' dir='ltr'><strong>idiomatis</strong></span> <span class='ocrx_word' id='word_1_295' title='bbox 1875 1433 2004 1469; x_wconf 82' lang='lat' dir='ltr'><strong>apprime</strong></span> 
     </span>
     <span class='ocr_line' id='line_1_28' title="bbox 335 1475 2005 1513; baseline 0.001 -10"><span class='ocrx_word' id='word_1_296' title='bbox 335 1486 452 1511; x_wconf 82' lang='lat' dir='ltr'><strong>gnarus,</strong></span> <span class='ocrx_word' id='word_1_297' title='bbox 475 1477 550 1512; x_wconf 81' lang='lat' dir='ltr'><strong>regis</strong></span> <span class='ocrx_word' id='word_1_298' title='bbox 570 1475 742 1503; x_wconf 84' lang='lat' dir='ltr'><strong>Ferdinandi</strong></span> <span class='ocrx_word' id='word_1_299' title='bbox 761 1485 811 1511; x_wconf 86' lang='lat' dir='ltr'><strong>per</strong></span> <span class='ocrx_word' id='word_1_300' title='bbox 829 1476 991 1504; x_wconf 90' lang='lat' dir='ltr'><strong>octennium</strong></span> <span class='ocrx_word' id='word_1_301' title='bbox 1010 1476 1192 1504; x_wconf 75' lang='lat' dir='ltr'><strong>concionator</strong></span> <span class='ocrx_word' id='word_1_302' title='bbox 1209 1476 1327 1511; x_wconf 87' lang='lat' dir='ltr'><strong>aulicus,</strong></span> <span class='ocrx_word' id='word_1_303' title='bbox 1350 1477 1498 1513; x_wconf 78' lang='lat' dir='ltr'><strong>gliscentis</strong></span> <span class='ocrx_word' id='word_1_304' title='bbox 1515 1477 1694 1505; x_wconf 86' lang='lat' dir='ltr'><strong>Lutheranae</strong></span> <span class='ocrx_word' id='word_1_305' title='bbox 1712 1479 1806 1504; x_wconf 87' lang='lat' dir='ltr'><strong>sectae</strong></span> <span class='ocrx_word' id='word_1_306' title='bbox 1824 1477 2005 1512; x_wconf 78' lang='lat' dir='ltr'><strong>oppugnator</strong></span> 
     </span>
     <span class='ocr_line' id='line_1_29' title="bbox 336 1519 1432 1554; baseline 0.002 -8"><span class='ocrx_word' id='word_1_307' title='bbox 336 1520 496 1553; x_wconf 85' lang='lat' dir='ltr'><strong>acerrimus,</strong></span> <span class='ocrx_word' id='word_1_308' title='bbox 516 1528 620 1554; x_wconf 80' lang='lat' dir='ltr'><strong>magna</strong></span> <span class='ocrx_word' id='word_1_309' title='bbox 638 1519 801 1547; x_wconf 82' lang='lat' dir='ltr'><strong>sanctitatis</strong></span> <span class='ocrx_word' id='word_1_310' title='bbox 820 1520 896 1547; x_wconf 85' lang='lat' dir='ltr'><strong>fama</strong></span> <span class='ocrx_word' id='word_1_311' title='bbox 915 1519 1042 1551; x_wconf 81' lang='lat' dir='ltr'><strong>celebris,</strong></span> <span class='ocrx_word' id='word_1_312' title='bbox 1061 1520 1106 1548; x_wconf 92' lang='lat' dir='ltr'><strong>ob.</strong></span> <span class='ocrx_word' id='word_1_313' title='bbox 1119 1520 1298 1554; x_wconf 72' lang='lat' dir='ltr'><strong>Enstorffiit)</strong></span> <span class='ocrx_word' id='word_1_314' title='bbox 1317 1529 1342 1548; x_wconf 82' lang='lat' dir='ltr'><strong>a.</strong></span> <span class='ocrx_word' id='word_1_315' title='bbox 1357 1520 1432 1548; x_wconf 77' lang='lat'><strong>1583.</strong></span> 
     </span>
    </p>
   </div>
   <div class='ocr_carea' id='block_1_5' title="bbox 441 1619 1206 1660">
    <p class='ocr_par' dir='ltr' id='par_1_10' title="bbox 441 1619 1206 1660">
     <span class='ocr_line' id='line_1_30' title="bbox 441 1619 1206 1660; baseline -0.001 -7"><span class='ocrx_word' id='word_1_316' title='bbox 441 1619 677 1653; x_wconf 79' lang='lat' dir='ltr'><strong>Confessores</strong></span> <span class='ocrx_word' id='word_1_317' title='bbox 700 1627 840 1660; x_wconf 79' lang='lat' dir='ltr'><strong>regum,</strong></span> <span class='ocrx_word' id='word_1_318' title='bbox 864 1619 1098 1653; x_wconf 73' lang='lat' dir='ltr'><strong>archiducem</strong></span> <span class='ocrx_word' id='word_1_319' title='bbox 1121 1620 1206 1652; x_wconf 87' lang='lat' dir='ltr'><strong>etc.:</strong></span> 
     </span>
    </p>
   </div>
   <div class='ocr_carea' id='block_1_6' title="bbox 335 1687 2048 1889">
    <p class='ocr_par' dir='ltr' id='par_1_11' title="bbox 335 1687 2048 1889">
     <span class='ocr_line' id='line_1_31' title="bbox 441 1687 2048 1724; baseline 0.001 -9"><span class='ocrx_word' id='word_1_320' title='bbox 441 1688 508 1716; x_wconf 83' lang='lat' dir='ltr'><strong>Rev.</strong></span> <span class='ocrx_word' id='word_1_321' title='bbox 522 1698 549 1724; x_wconf 92' lang='lat' dir='ltr'><strong>p.</strong></span> <span class='ocrx_word' id='word_1_322' title='bbox 563 1688 695 1719; x_wconf 65' lang='lat' dir='ltr'><strong>Andreas.</strong></span> <span class='ocrx_word' id='word_1_323' title='bbox 722 1688 914 1716; x_wconf 83' lang='lat' dir='ltr'><strong>serenissimae</strong></span> <span class='ocrx_word' id='word_1_324' title='bbox 933 1687 1073 1716; x_wconf 76' lang='lat' dir='ltr'><strong>Beati-icis</strong></span> <span class='ocrx_word' id='word_1_325' title='bbox 1091 1689 1207 1724; x_wconf 82' lang='lat' dir='ltr'><strong>reginae</strong></span> <span class='ocrx_word' id='word_1_326' title='bbox 1226 1688 1387 1723; x_wconf 83' lang='lat' dir='ltr'><strong>Hungariae</strong></span> <span class='ocrx_word' id='word_1_327' title='bbox 1405 1688 1597 1721; x_wconf 77' lang='lat' dir='ltr'><strong>confessarius.</strong></span> <span class='ocrx_word' id='word_1_328' title='bbox 1622 1688 1854 1724; x_wconf 83' lang='lat' dir='ltr'><strong>profundissimus</strong></span> <span class='ocrx_word' id='word_1_329' title='bbox 1871 1687 2002 1722; x_wconf 66' lang='lat' dir='ltr'><strong>Scothta,</strong></span> <span class='ocrx_word' id='word_1_330' title='bbox 2021 1695 2048 1716; x_wconf 75' lang='lat' dir='ltr'><strong>so</strong></span> 
     </span>
     <span class='ocr_line' id='line_1_32' title="bbox 337 1731 2003 1766; baseline 0 -7"><span class='ocrx_word' id='word_1_331' title='bbox 337 1732 378 1759; x_wconf 87' lang='lat' dir='ltr'><strong>vir</strong></span> <span class='ocrx_word' id='word_1_332' title='bbox 398 1732 538 1759; x_wconf 84' lang='lat' dir='ltr'><strong>maximae</strong></span> <span class='ocrx_word' id='word_1_333' title='bbox 557 1731 748 1766; x_wconf 82' lang='lat' dir='ltr'><strong>perfectionis.</strong></span> <span class='ocrx_word' id='word_1_334' title='bbox 790 1731 899 1766; x_wconf 82' lang='lat' dir='ltr'><strong>Regina</strong></span> <span class='ocrx_word' id='word_1_335' title='bbox 922 1731 958 1758; x_wconf 94' lang='lat' dir='ltr'><strong>ob</strong></span> <span class='ocrx_word' id='word_1_336' title='bbox 981 1731 1111 1759; x_wconf 84' lang='lat' dir='ltr'><strong>eximiam</strong></span> <span class='ocrx_word' id='word_1_337' title='bbox 1135 1731 1195 1759; x_wconf 87' lang='lat' dir='ltr'><strong>eins</strong></span> <span class='ocrx_word' id='word_1_338' title='bbox 1218 1732 1441 1766; x_wconf 84' lang='lat' dir='ltr'><strong>venerationem,</strong></span> <span class='ocrx_word' id='word_1_339' title='bbox 1467 1732 1533 1759; x_wconf 84' lang='lat' dir='ltr'><strong>dum</strong></span> <span class='ocrx_word' id='word_1_340' title='bbox 1547 1731 1672 1760; x_wconf 88' lang='lat' dir='ltr'><strong>Viennae</strong></span> <span class='ocrx_word' id='word_1_341' title='bbox 1690 1732 1727 1759; x_wconf 86' lang='lat' dir='ltr'><strong>ad</strong></span> <span class='ocrx_word' id='word_1_342' title='bbox 1745 1731 1790 1759; x_wconf 77' lang='lat'><strong>80·</strong></span> <span class='ocrx_word' id='word_1_343' title='bbox 1808 1731 2003 1759; x_wconf 78' lang='lat' dir='ltr'><strong>Theobsldum</strong></span> 
     </span>
     <span class='ocr_line' id='line_1_33' title="bbox 336 1774 2003 1810; baseline 0 -8"><span class='ocrx_word' id='word_1_344' title='bbox 336 1778 366 1803; x_wconf 86' lang='lat' dir='ltr'><strong>et</strong></span> <span class='ocrx_word' id='word_1_345' title='bbox 379 1775 582 1803; x_wconf 85' lang='lat' dir='ltr'><strong>Bernardinum</strong></span> <span class='ocrx_word' id='word_1_346' title='bbox 602 1775 702 1809; x_wconf 86' lang='lat' dir='ltr'><strong>plenus</strong></span> <span class='ocrx_word' id='word_1_347' title='bbox 720 1774 827 1801; x_wconf 85' lang='lat' dir='ltr'><strong>dierum</strong></span> <span class='ocrx_word' id='word_1_348' title='bbox 846 1783 1005 1809; x_wconf 86' lang='lat' dir='ltr'><strong>supremam</strong></span> <span class='ocrx_word' id='word_1_349' title='bbox 1024 1774 1129 1810; x_wconf 80' lang='lat' dir='ltr'><strong>egisset</strong></span> <span class='ocrx_word' id='word_1_350' title='bbox 1147 1775 1230 1807; x_wconf 89' lang='lat' dir='ltr'><strong>diem,</strong></span> <span class='ocrx_word' id='word_1_351' title='bbox 1249 1776 1316 1803; x_wconf 88' lang='lat' dir='ltr'><strong>ante</strong></span> <span class='ocrx_word' id='word_1_352' title='bbox 1330 1784 1408 1803; x_wconf 84' lang='lat' dir='ltr'><strong>aram</strong></span> <span class='ocrx_word' id='word_1_353' title='bbox 1420 1775 1441 1802; x_wconf 78' lang='lat' dir='ltr'><strong>si</strong></span> <span class='ocrx_word' id='word_1_354' title='bbox 1452 1774 1611 1803; x_wconf 84' lang='lat' dir='ltr'><strong>Theobaldi</strong></span> <span class='ocrx_word' id='word_1_355' title='bbox 1623 1774 1772 1810; x_wconf 80' lang='lat' dir='ltr'><strong>magnifico</strong></span> <span class='ocrx_word' id='word_1_356' title='bbox 1784 1784 1848 1803; x_wconf 90' lang='lat' dir='ltr'><strong>cum</strong></span> <span class='ocrx_word' id='word_1_357' title='bbox 1860 1776 2003 1810; x_wconf 84' lang='lat' dir='ltr'><strong>apparatu</strong></span> 
     </span>
     <span class='ocr_line' id='line_1_34' title="bbox 335 1813 2003 1854; baseline 0.001 -9"><span class='ocrx_word' id='word_1_358' title='bbox 335 1818 361 1846; x_wconf 89' lang='lat' dir='ltr'><strong>ei</strong></span> <span class='ocrx_word' id='word_1_359' title='bbox 380 1819 456 1846; x_wconf 84' lang='lat' dir='ltr'><strong>iusta</strong></span> <span class='ocrx_word' id='word_1_360' title='bbox 474 1817 542 1850; x_wconf 81' lang='lat' dir='ltr'><strong>fieri,</strong></span> <span class='ocrx_word' id='word_1_361' title='bbox 567 1818 632 1846; x_wconf 87' lang='lat' dir='ltr'><strong>dein</strong></span> <span class='ocrx_word' id='word_1_362' title='bbox 651 1826 752 1852; x_wconf 86' lang='lat' dir='ltr'><strong>corpus</strong></span> <span class='ocrx_word' id='word_1_363' title='bbox 771 1817 879 1852; x_wconf 89' lang='lat' dir='ltr'><strong>duplici</strong></span> <span class='ocrx_word' id='word_1_364' title='bbox 898 1817 999 1850; x_wconf 83' lang='lat' dir='ltr'><strong>thecae</strong></span> <span class='ocrx_word' id='word_1_365' title='bbox 1019 1816 1184 1853; x_wconf 87' lang='lat' dir='ltr'><strong>impositum</strong></span> <span class='ocrx_word' id='word_1_366' title='bbox 1203 1818 1233 1845; x_wconf 92' lang='lat' dir='ltr'><strong>in</strong></span> <span class='ocrx_word' id='word_1_367' title='bbox 1253 1813 1427 1854; x_wconf 81' lang='lat' dir='ltr'><strong>Hungariam</strong></span> <span class='ocrx_word' id='word_1_368' title='bbox 1445 1827 1539 1846; x_wconf 87' lang='lat' dir='ltr'><strong>secum</strong></span> <span class='ocrx_word' id='word_1_369' title='bbox 1557 1817 1659 1846; x_wconf 83' lang='lat' dir='ltr'><strong>deferri</strong></span> <span class='ocrx_word' id='word_1_370' title='bbox 1676 1827 1710 1846; x_wconf 86' lang='lat' dir='ltr'><strong>ac</strong></span> <span class='ocrx_word' id='word_1_371' title='bbox 1728 1817 1879 1846; x_wconf 87' lang='lat' dir='ltr'><strong>honorifice</strong></span> <span class='ocrx_word' id='word_1_372' title='bbox 1896 1817 2003 1846; x_wconf 79' lang='lat' dir='ltr'><strong>ibidem</strong></span> 
     </span>
     <span class='ocr_line' id='line_1_35' title="bbox 335 1861 653 1889; baseline -0.003 0"><span class='ocrx_word' id='word_1_373' title='bbox 335 1861 417 1889; x_wconf 86' lang='lat' dir='ltr'><strong>condi</strong></span> <span class='ocrx_word' id='word_1_374' title='bbox 437 1861 519 1889; x_wconf 89' lang='lat' dir='ltr'><strong>iussit</strong></span> <span class='ocrx_word' id='word_1_375' title='bbox 537 1870 562 1888; x_wconf 87' lang='lat' dir='ltr'><strong>a.</strong></span> <span class='ocrx_word' id='word_1_376' title='bbox 577 1862 653 1888; x_wconf 88' lang='grc'>1489.</span> 
     </span>
    </p>
   </div>
   <div class='ocr_carea' id='block_1_7' title="bbox 440 1959 2044 2003">
    <p class='ocr_par' dir='ltr' id='par_1_12' title="bbox 440 1959 2044 2003">
     <span class='ocr_line' id='line_1_36' title="bbox 440 1959 2044 2003; baseline -0.001 -10"><span class='ocrx_word' id='word_1_377' title='bbox 440 1961 517 1993; x_wconf 72' lang='lat' dir='ltr'><strong>Fre·</strong></span> <span class='ocrx_word' id='word_1_378' title='bbox 540 1961 578 1993; x_wconf 90' lang='lat' dir='ltr'><strong>in</strong></span> <span class='ocrx_word' id='word_1_379' title='bbox 601 1961 776 1995; x_wconf 84' lang='lat' dir='ltr'><strong>coenobio</strong></span> <span class='ocrx_word' id='word_1_380' title='bbox 800 1970 829 1994; x_wconf 89' lang='lat' dir='ltr'><strong>s.</strong></span> <span class='ocrx_word' id='word_1_381' title='bbox 845 1960 1046 1994; x_wconf 84' lang='lat' dir='ltr'><strong>Theobaldi</strong></span> <span class='ocrx_word' id='word_1_382' title='bbox 1069 1961 1178 1994; x_wconf 83' lang='lat' dir='ltr'><strong>extra</strong></span> <span class='ocrx_word' id='word_1_383' title='bbox 1201 1968 1326 1995; x_wconf 91' lang='lat' dir='ltr'><strong>muros</strong></span> <span class='ocrx_word' id='word_1_384' title='bbox 1349 1960 1582 1994; x_wconf 75' lang='lat' dir='ltr'><strong>vindobonae</strong></span> <span class='ocrx_word' id='word_1_385' title='bbox 1607 1960 1744 1994; x_wconf 82' lang='lat' dir='ltr'><strong>mortui</strong></span> <span class='ocrx_word' id='word_1_386' title='bbox 1767 1961 1805 1993; x_wconf 84' lang='lat' dir='ltr'><strong>et</strong></span> <span class='ocrx_word' id='word_1_387' title='bbox 1827 1959 1980 2002; x_wconf 79' lang='lat' dir='ltr'><strong>sepulti:</strong></span> <span class='ocrx_word' id='word_1_388' title='bbox 2013 1974 2044 2003; x_wconf 59' lang='grc' dir='ltr'><strong><em>μ</em></strong></span> 
     </span>
    </p>
   </div>
   <div class='ocr_carea' id='block_1_8' title="bbox 335 2029 2046 2584">
    <p class='ocr_par' dir='ltr' id='par_1_13' title="bbox 337 2029 2003 2151">
     <span class='ocr_line' id='line_1_37' title="bbox 439 2029 2003 2065; baseline -0.001 -8"><span class='ocrx_word' id='word_1_389' title='bbox 439 2031 469 2058; x_wconf 89' lang='lat' dir='ltr'><strong>ln</strong></span> <span class='ocrx_word' id='word_1_390' title='bbox 495 2030 537 2058; x_wconf 82' lang='lat' dir='ltr'><strong>ita</strong></span> <span class='ocrx_word' id='word_1_391' title='bbox 561 2030 655 2057; x_wconf 83' lang='lat' dir='ltr'><strong>diruto</strong></span> <span class='ocrx_word' id='word_1_392' title='bbox 679 2039 711 2057; x_wconf 82' lang='lat' dir='ltr'><strong>ac</strong></span> <span class='ocrx_word' id='word_1_393' title='bbox 734 2030 869 2058; x_wconf 89' lang='lat' dir='ltr'><strong>demolito</strong></span> <span class='ocrx_word' id='word_1_394' title='bbox 888 2032 910 2057; x_wconf 69' lang='lat' dir='ltr'><strong>s¹</strong></span> <span class='ocrx_word' id='word_1_395' title='bbox 923 2030 1082 2058; x_wconf 85' lang='lat' dir='ltr'><strong>Theobaldi</strong></span> <span class='ocrx_word' id='word_1_396' title='bbox 1107 2030 1169 2057; x_wconf 92' lang='lat' dir='ltr'><strong>loco</strong></span> <span class='ocrx_word' id='word_1_397' title='bbox 1178 2031 1201 2064; x_wconf 74' lang='lat'><strong>⁸)</strong></span> <span class='ocrx_word' id='word_1_398' title='bbox 1223 2030 1405 2057; x_wconf 87' lang='lat' dir='ltr'><strong>ducentorum</strong></span> <span class='ocrx_word' id='word_1_399' title='bbox 1425 2032 1455 2058; x_wconf 87' lang='lat' dir='ltr'><strong>et</strong></span> <span class='ocrx_word' id='word_1_400' title='bbox 1472 2029 1557 2057; x_wconf 88' lang='lat' dir='ltr'><strong>trium</strong></span> <span class='ocrx_word' id='word_1_401' title='bbox 1576 2029 1640 2056; x_wconf 69' lang='lat' dir='ltr'><strong>frum</strong></span> <span class='ocrx_word' id='word_1_402' title='bbox 1658 2030 1782 2065; x_wconf 86' lang='lat' dir='ltr'><strong>(praeter</strong></span> <span class='ocrx_word' id='word_1_403' title='bbox 1800 2037 1865 2057; x_wconf 86' lang='lat' dir='ltr'><strong>ense</strong></span> <span class='ocrx_word' id='word_1_404' title='bbox 1882 2029 2003 2057; x_wconf 87' lang='lat' dir='ltr'><strong>barbaro</strong></span> 
     </span>
     <span class='ocr_line' id='line_1_38' title="bbox 337 2072 2003 2108; baseline -0.001 -7"><span class='ocrx_word' id='word_1_405' title='bbox 337 2074 508 2108; x_wconf 85' lang='lat' dir='ltr'><strong>peremptos)</strong></span> <span class='ocrx_word' id='word_1_406' title='bbox 532 2082 595 2100; x_wconf 82' lang='lat' dir='ltr'><strong>ossa</strong></span> <span class='ocrx_word' id='word_1_407' title='bbox 619 2075 649 2101; x_wconf 84' lang='lat' dir='ltr'><strong>et</strong></span> <span class='ocrx_word' id='word_1_408' title='bbox 673 2073 780 2101; x_wconf 84' lang='lat' dir='ltr'><strong>cineres</strong></span> <span class='ocrx_word' id='word_1_409' title='bbox 802 2074 990 2108; x_wconf 83' lang='lat' dir='ltr'><strong>requiescunt.</strong></span> <span class='ocrx_word' id='word_1_410' title='bbox 1034 2073 1074 2100; x_wconf 88' lang='lat' dir='ltr'><strong>Ex</strong></span> <span class='ocrx_word' id='word_1_411' title='bbox 1096 2073 1142 2100; x_wconf 88' lang='lat' dir='ltr'><strong>his</strong></span> <span class='ocrx_word' id='word_1_412' title='bbox 1159 2072 1295 2100; x_wconf 85' lang='lat' dir='ltr'><strong>memoria</strong></span> <span class='ocrx_word' id='word_1_413' title='bbox 1313 2072 1454 2108; x_wconf 78' lang='lat' dir='ltr'><strong>digniores</strong></span> <span class='ocrx_word' id='word_1_414' title='bbox 1472 2072 1635 2108; x_wconf 87' lang='lat' dir='ltr'><strong>provinciae</strong></span> <span class='ocrx_word' id='word_1_415' title='bbox 1654 2072 1792 2100; x_wconf 90' lang='lat' dir='ltr'><strong>vetustior</strong></span> <span class='ocrx_word' id='word_1_416' title='bbox 1809 2072 2003 2100; x_wconf 85' lang='lat' dir='ltr'><strong>defunctorum</strong></span> 
     </span>
     <span class='ocr_line' id='line_1_39' title="bbox 337 2117 704 2151; baseline -0.003 -7"><span class='ocrx_word' id='word_1_417' title='bbox 337 2117 487 2151; x_wconf 76' lang='lat' dir='ltr'><strong>catalogus</strong></span> <span class='ocrx_word' id='word_1_418' title='bbox 506 2117 549 2144; x_wconf 85' lang='lat' dir='ltr'><strong>ita</strong></span> <span class='ocrx_word' id='word_1_419' title='bbox 566 2118 704 2144; x_wconf 86' lang='lat' dir='ltr'><strong>recenset:</strong></span> 
     </span>
    </p>

    <p class='ocr_par' dir='ltr' id='par_1_14' title="bbox 335 2157 2046 2238">
     <span class='ocr_line' id='line_1_40' title="bbox 438 2157 2001 2195; baseline -0.001 -8"><span class='ocrx_word' id='word_1_420' title='bbox 438 2160 507 2188; x_wconf 89' lang='lat' dir='ltr'><strong>Rev.</strong></span> <span class='ocrx_word' id='word_1_421' title='bbox 519 2169 546 2195; x_wconf 85' lang='lat' dir='ltr'><strong>p.</strong></span> <span class='ocrx_word' id='word_1_422' title='bbox 557 2160 755 2187; x_wconf 81' lang='lat' dir='ltr'><strong>Bonaventura</strong></span> <span class='ocrx_word' id='word_1_423' title='bbox 767 2160 802 2187; x_wconf 89' lang='lat' dir='ltr'><strong>de</strong></span> <span class='ocrx_word' id='word_1_424' title='bbox 815 2159 944 2193; x_wconf 82' lang='lat' dir='ltr'><strong>Bavaria,</strong></span> <span class='ocrx_word' id='word_1_425' title='bbox 963 2159 1143 2195; x_wconf 80' lang='lat' dir='ltr'><strong>praedicator</strong></span> <span class='ocrx_word' id='word_1_426' title='bbox 1155 2159 1386 2191; x_wconf 82' lang='lat' dir='ltr'><strong>ferventissimus,</strong></span> <span class='ocrx_word' id='word_1_427' title='bbox 1404 2161 1464 2187; x_wconf 84' lang='lat' dir='ltr'><strong>tam</strong></span> <span class='ocrx_word' id='word_1_428' title='bbox 1478 2159 1582 2193; x_wconf 86' lang='lat' dir='ltr'><strong>populo</strong></span> <span class='ocrx_word' id='word_1_429' title='bbox 1595 2167 1680 2193; x_wconf 85' lang='lat' dir='ltr'><strong>quam</strong></span> <span class='ocrx_word' id='word_1_430' title='bbox 1693 2159 1767 2186; x_wconf 91' lang='lat' dir='ltr'><strong>clero</strong></span> <span class='ocrx_word' id='word_1_431' title='bbox 1780 2157 2001 2193; x_wconf 83' lang='lat' dir='ltr'><strong>acceptissimus,</strong></span> 
     </span>
     <span class='ocr_line' id='line_1_41' title="bbox 335 2201 2046 2238; baseline -0.001 -8"><span class='ocrx_word' id='word_1_432' title='bbox 335 2211 369 2230; x_wconf 84' lang='lat' dir='ltr'><strong>ex</strong></span> <span class='ocrx_word' id='word_1_433' title='bbox 387 2203 486 2238; x_wconf 78' lang='lat' dir='ltr'><strong>primis</strong></span> <span class='ocrx_word' id='word_1_434' title='bbox 505 2203 668 2238; x_wconf 89' lang='lat' dir='ltr'><strong>provinciae</strong></span> <span class='ocrx_word' id='word_1_435' title='bbox 686 2203 764 2229; x_wconf 70' lang='lat' dir='ltr'><strong>fribu-</strong></span> <span class='ocrx_word' id='word_1_436' title='bbox 782 2205 812 2230; x_wconf 91' lang='lat' dir='ltr'><strong>et</strong></span> <span class='ocrx_word' id='word_1_437' title='bbox 831 2203 937 2238; x_wconf 91' lang='lat' dir='ltr'><strong>primus</strong></span> <span class='ocrx_word' id='word_1_438' title='bbox 955 2206 1021 2238; x_wconf 84' lang='lat' dir='ltr'><strong>post</strong></span> <span class='ocrx_word' id='word_1_439' title='bbox 1033 2202 1199 2230; x_wconf 85' lang='lat' dir='ltr'><strong>divisionem</strong></span> <span class='ocrx_word' id='word_1_440' title='bbox 1213 2202 1375 2238; x_wconf 83' lang='lat' dir='ltr'><strong>provinciae</strong></span> <span class='ocrx_word' id='word_1_441' title='bbox 1389 2202 1450 2235; x_wconf 67' lang='lat' dir='ltr'><strong>vic,</strong></span> <span class='ocrx_word' id='word_1_442' title='bbox 1470 2202 1515 2230; x_wconf 91' lang='lat' dir='ltr'><strong>ob.</strong></span> <span class='ocrx_word' id='word_1_443' title='bbox 1528 2205 1560 2230; x_wconf 89' lang='lat' dir='ltr'><strong>ut</strong></span> <span class='ocrx_word' id='word_1_444' title='bbox 1573 2202 1694 2230; x_wconf 87' lang='lat' dir='ltr'><strong>actualis</strong></span> <span class='ocrx_word' id='word_1_445' title='bbox 1706 2201 1877 2237; x_wconf 74' lang='lat' dir='ltr'><strong>guardianus</strong></span> <span class='ocrx_word' id='word_1_446' title='bbox 1889 2210 1914 2229; x_wconf 88' lang='lat' dir='ltr'><strong>a.</strong></span> <span class='ocrx_word' id='word_1_447' title='bbox 1926 2201 2001 2229; x_wconf 84' lang='lat'><strong>1467.</strong></span> <span class='ocrx_word' id='word_1_448' title='bbox 2019 2207 2046 2227; x_wconf 83' lang='grc' dir='ltr'><strong>4ο</strong></span> 
     </span>
    </p>

    <p class='ocr_par' dir='ltr' id='par_1_15' title="bbox 440 2246 1083 2278">
     <span class='ocr_line' id='line_1_42' title="bbox 440 2246 1083 2278; baseline 0 -5"><span class='ocrx_word' id='word_1_449' title='bbox 440 2247 470 2273; x_wconf 93' lang='grc' dir='ltr'><strong>Ρ.</strong></span> <span class='ocrx_word' id='word_1_450' title='bbox 485 2246 614 2274; x_wconf 87' lang='lat' dir='ltr'><strong>Clemens</strong></span> <span class='ocrx_word' id='word_1_451' title='bbox 631 2247 667 2273; x_wconf 91' lang='lat' dir='ltr'><strong>de</strong></span> <span class='ocrx_word' id='word_1_452' title='bbox 684 2246 850 2278; x_wconf 61' lang='lat' dir='ltr'><strong>Franconhz,</strong></span> <span class='ocrx_word' id='word_1_453' title='bbox 869 2248 968 2274; x_wconf 84' lang='lat' dir='ltr'><strong>cantor</strong></span> <span class='ocrx_word' id='word_1_454' title='bbox 986 2247 1083 2274; x_wconf 89' lang='lat' dir='ltr'><strong>bonus.</strong></span> 
     </span>
    </p>

    <p class='ocr_par' dir='ltr' id='par_1_16' title="bbox 441 2289 1126 2325">
     <span class='ocr_line' id='line_1_43' title="bbox 441 2289 1126 2325; baseline 0 -9"><span class='ocrx_word' id='word_1_455' title='bbox 441 2289 471 2316; x_wconf 92' lang='lat' dir='ltr'><strong>P.</strong></span> <span class='ocrx_word' id='word_1_456' title='bbox 485 2289 635 2316; x_wconf 83' lang='lat' dir='ltr'><strong>Gervasius</strong></span> <span class='ocrx_word' id='word_1_457' title='bbox 654 2289 688 2317; x_wconf 89' lang='lat' dir='ltr'><strong>de</strong></span> <span class='ocrx_word' id='word_1_458' title='bbox 708 2290 838 2322; x_wconf 80' lang='lat' dir='ltr'><strong>Bavaria,</strong></span> <span class='ocrx_word' id='word_1_459' title='bbox 859 2290 964 2325; x_wconf 84' lang='lat' dir='ltr'><strong>ligator</strong></span> <span class='ocrx_word' id='word_1_460' title='bbox 982 2290 1126 2317; x_wconf 89' lang='lat' dir='ltr'><strong>librorum.</strong></span> 
     </span>
    </p>

    <p class='ocr_par' dir='ltr' id='par_1_17' title="bbox 440 2332 1360 2368">
     <span class='ocr_line' id='line_1_44' title="bbox 440 2332 1360 2368; baseline -0.001 -9"><span class='ocrx_word' id='word_1_461' title='bbox 440 2332 484 2359; x_wconf 84' lang='lat' dir='ltr'><strong>Fr.</strong></span> <span class='ocrx_word' id='word_1_462' title='bbox 496 2332 577 2360; x_wconf 91' lang='lat' dir='ltr'><strong>Vitus</strong></span> <span class='ocrx_word' id='word_1_463' title='bbox 595 2333 630 2360; x_wconf 90' lang='lat' dir='ltr'><strong>de</strong></span> <span class='ocrx_word' id='word_1_464' title='bbox 649 2332 766 2360; x_wconf 77' lang='lat' dir='ltr'><strong>Gaebliz</strong></span> <span class='ocrx_word' id='word_1_465' title='bbox 784 2333 811 2365; x_wconf 90' lang='grc'><strong>1.,</strong></span> <span class='ocrx_word' id='word_1_466' title='bbox 831 2342 936 2367; x_wconf 88' lang='lat' dir='ltr'><strong>coquus</strong></span> <span class='ocrx_word' id='word_1_467' title='bbox 955 2333 981 2360; x_wconf 91' lang='lat' dir='ltr'><strong>b.</strong></span> <span class='ocrx_word' id='word_1_468' title='bbox 996 2333 1036 2367; x_wconf 68' lang='lat' dir='ltr'><strong>pi·</strong></span> <span class='ocrx_word' id='word_1_469' title='bbox 1055 2332 1225 2368; x_wconf 73' lang='lat' dir='ltr'><strong>Capistrani,</strong></span> <span class='ocrx_word' id='word_1_470' title='bbox 1244 2341 1268 2359; x_wconf 82' lang='lat' dir='ltr'><strong>a.</strong></span> <span class='ocrx_word' id='word_1_471' title='bbox 1284 2333 1360 2360; x_wconf 84' lang='lat'><strong>1485.</strong></span> 
     </span>
    </p>

    <p class='ocr_par' dir='ltr' id='par_1_18' title="bbox 335 2372 2045 2495">
     <span class='ocr_line' id='line_1_45' title="bbox 442 2372 2002 2412; baseline -0.002 -10"><span class='ocrx_word' id='word_1_472' title='bbox 442 2377 509 2403; x_wconf 83' lang='lat' dir='ltr'><strong>Rev.</strong></span> <span class='ocrx_word' id='word_1_473' title='bbox 522 2385 549 2410; x_wconf 92' lang='lat' dir='ltr'><strong>p.</strong></span> <span class='ocrx_word' id='word_1_474' title='bbox 561 2375 752 2403; x_wconf 87' lang='lat' dir='ltr'><strong>Bernardinus</strong></span> <span class='ocrx_word' id='word_1_475' title='bbox 774 2376 808 2403; x_wconf 91' lang='lat' dir='ltr'><strong>de</strong></span> <span class='ocrx_word' id='word_1_476' title='bbox 828 2377 996 2412; x_wconf 53' lang='lat' dir='ltr'><strong>ingolstam</strong></span> <span class='ocrx_word' id='word_1_477' title='bbox 1022 2375 1276 2404; x_wconf 84' lang='lat' dir='ltr'><strong>excellentissimae</strong></span> <span class='ocrx_word' id='word_1_478' title='bbox 1299 2375 1446 2403; x_wconf 83' lang='lat' dir='ltr'><strong>doctrinae</strong></span> <span class='ocrx_word' id='word_1_479' title='bbox 1468 2376 1498 2402; x_wconf 90' lang='lat' dir='ltr'><strong>et</strong></span> <span class='ocrx_word' id='word_1_480' title='bbox 1516 2373 1696 2410; x_wconf 84' lang='lat' dir='ltr'><strong>praedicator</strong></span> <span class='ocrx_word' id='word_1_481' title='bbox 1713 2373 1921 2405; x_wconf 84' lang='lat' dir='ltr'><strong>celeberrimus,</strong></span> <span class='ocrx_word' id='word_1_482' title='bbox 1946 2372 2002 2400; x_wconf 78' lang='lat' dir='ltr'><strong>fuit</strong></span> 
     </span>
     <span class='ocr_line' id='line_1_46' title="bbox 335 2415 2045 2454; baseline -0.002 -8"><span class='ocrx_word' id='word_1_483' title='bbox 335 2427 369 2446; x_wconf 87' lang='lat' dir='ltr'><strong>ex</strong></span> <span class='ocrx_word' id='word_1_484' title='bbox 392 2419 490 2453; x_wconf 87' lang='lat' dir='ltr'><strong>primis</strong></span> <span class='ocrx_word' id='word_1_485' title='bbox 514 2419 591 2446; x_wconf 66' lang='lat' dir='ltr'><strong>stitus</strong></span> <span class='ocrx_word' id='word_1_486' title='bbox 616 2420 646 2446; x_wconf 89' lang='lat' dir='ltr'><strong>et</strong></span> <span class='ocrx_word' id='word_1_487' title='bbox 663 2419 819 2453; x_wconf 86' lang='lat' dir='ltr'><strong>aliquando</strong></span> <span class='ocrx_word' id='word_1_488' title='bbox 839 2419 891 2447; x_wconf 89' lang='lat' dir='ltr'><strong>vic.</strong></span> <span class='ocrx_word' id='word_1_489' title='bbox 910 2419 1085 2454; x_wconf 83' lang='lat' dir='ltr'><strong>provinciae,</strong></span> <span class='ocrx_word' id='word_1_490' title='bbox 1110 2422 1237 2447; x_wconf 87' lang='lat' dir='ltr'><strong>mortuus</strong></span> <span class='ocrx_word' id='word_1_491' title='bbox 1256 2421 1299 2447; x_wconf 90' lang='lat' dir='ltr'><strong>est</strong></span> <span class='ocrx_word' id='word_1_492' title='bbox 1317 2418 1391 2446; x_wconf 86' lang='lat' dir='ltr'><strong>inter</strong></span> <span class='ocrx_word' id='word_1_493' title='bbox 1407 2417 1627 2453; x_wconf 87' lang='lat' dir='ltr'><strong>praedicandum</strong></span> <span class='ocrx_word' id='word_1_494' title='bbox 1647 2416 1722 2444; x_wconf 84' lang='lat' dir='ltr'><strong>circa</strong></span> <span class='ocrx_word' id='word_1_495' title='bbox 1739 2415 1862 2444; x_wconf 84' lang='lat' dir='ltr'><strong>medium</strong></span> <span class='ocrx_word' id='word_1_496' title='bbox 1881 2416 2000 2450; x_wconf 82' lang='lat' dir='ltr'><strong>quadra·</strong></span> <span class='ocrx_word' id='word_1_497' title='bbox 2019 2425 2045 2444; x_wconf 70' lang='lat'><strong>45</strong></span> 
     </span>
     <span class='ocr_line' id='line_1_47' title="bbox 335 2462 595 2495; baseline 0 -6"><span class='ocrx_word' id='word_1_498' title='bbox 335 2462 460 2495; x_wconf 83' lang='lat' dir='ltr'><strong>gesimae</strong></span> <span class='ocrx_word' id='word_1_499' title='bbox 479 2471 504 2489; x_wconf 86' lang='lat' dir='ltr'><strong>a.</strong></span> <span class='ocrx_word' id='word_1_500' title='bbox 519 2463 595 2489; x_wconf 84' lang='lat'><strong>1486.</strong></span> 
     </span>
    </p>

    <p class='ocr_par' dir='ltr' id='par_1_19' title="bbox 441 2505 1449 2541">
     <span class='ocr_line' id='line_1_48' title="bbox 441 2505 1449 2541; baseline -0.001 -9"><span class='ocrx_word' id='word_1_501' title='bbox 441 2506 470 2533; x_wconf 83' lang='lat' dir='ltr'><strong>P.</strong></span> <span class='ocrx_word' id='word_1_502' title='bbox 484 2506 634 2533; x_wconf 85' lang='lat' dir='ltr'><strong>Marcellus</strong></span> <span class='ocrx_word' id='word_1_503' title='bbox 653 2506 687 2532; x_wconf 88' lang='lat' dir='ltr'><strong>de</strong></span> <span class='ocrx_word' id='word_1_504' title='bbox 707 2505 808 2533; x_wconf 86' lang='lat' dir='ltr'><strong>Libera</strong></span> <span class='ocrx_word' id='word_1_505' title='bbox 828 2505 961 2539; x_wconf 81' lang='lat' dir='ltr'><strong>civitate,</strong></span> <span class='ocrx_word' id='word_1_506' title='bbox 980 2515 1036 2533; x_wconf 82' lang='lat' dir='ltr'><strong>sac.</strong></span> <span class='ocrx_word' id='word_1_507' title='bbox 1050 2515 1143 2541; x_wconf 83' lang='lat' dir='ltr'><strong>purus,</strong></span> <span class='ocrx_word' id='word_1_508' title='bbox 1163 2505 1283 2540; x_wconf 84' lang='lat' dir='ltr'><strong>simplex</strong></span> <span class='ocrx_word' id='word_1_509' title='bbox 1301 2506 1331 2532; x_wconf 89' lang='lat' dir='ltr'><strong>et</strong></span> <span class='ocrx_word' id='word_1_510' title='bbox 1348 2506 1449 2532; x_wconf 72' lang='lat' dir='ltr'><strong>rectus.</strong></span> 
     </span>
    </p>

    <p class='ocr_par' dir='ltr' id='par_1_20' title="bbox 440 2544 2001 2584">
     <span class='ocr_line' id='line_1_49' title="bbox 440 2544 2001 2584; baseline -0.003 -9"><span class='ocrx_word' id='word_1_511' title='bbox 440 2549 508 2576; x_wconf 85' lang='lat' dir='ltr'><strong>Rev.</strong></span> <span class='ocrx_word' id='word_1_512' title='bbox 522 2558 550 2583; x_wconf 89' lang='lat' dir='ltr'><strong>p.</strong></span> <span class='ocrx_word' id='word_1_513' title='bbox 564 2549 689 2583; x_wconf 87' lang='lat' dir='ltr'><strong>Angelus</strong></span> <span class='ocrx_word' id='word_1_514' title='bbox 707 2549 740 2575; x_wconf 90' lang='lat' dir='ltr'><strong>de</strong></span> <span class='ocrx_word' id='word_1_515' title='bbox 754 2549 942 2584; x_wconf 86' lang='lat' dir='ltr'><strong>Kirchschlag</strong></span> <span class='ocrx_word' id='word_1_516' title='bbox 960 2558 994 2577; x_wconf 86' lang='lat' dir='ltr'><strong>ex</strong></span> <span class='ocrx_word' id='word_1_517' title='bbox 1007 2548 1106 2583; x_wconf 88' lang='lat' dir='ltr'><strong>primis</strong></span> <span class='ocrx_word' id='word_1_518' title='bbox 1117 2549 1202 2582; x_wconf 65' lang='lat' dir='ltr'><strong>fribus,</strong></span> <span class='ocrx_word' id='word_1_519' title='bbox 1221 2548 1351 2575; x_wconf 88' lang='lat' dir='ltr'><strong>columna</strong></span> <span class='ocrx_word' id='word_1_520' title='bbox 1363 2547 1535 2582; x_wconf 86' lang='lat' dir='ltr'><strong>provinciae,</strong></span> <span class='ocrx_word' id='word_1_521' title='bbox 1553 2545 1665 2580; x_wconf 84' lang='lat' dir='ltr'><strong>saepius</strong></span> <span class='ocrx_word' id='word_1_522' title='bbox 1678 2545 1730 2572; x_wconf 88' lang='lat' dir='ltr'><strong>vic.</strong></span> <span class='ocrx_word' id='word_1_523' title='bbox 1743 2544 1876 2578; x_wconf 87' lang='lat' dir='ltr'><strong>eiusdem,</strong></span> <span class='ocrx_word' id='word_1_524' title='bbox 1889 2553 1914 2572; x_wconf 88' lang='lat' dir='ltr'><strong>a.</strong></span> <span class='ocrx_word' id='word_1_525' title='bbox 1926 2546 2001 2572; x_wconf 84' lang='lat'><strong>1488.</strong></span> 
     </span>
    </p>
   </div>
   <div class='ocr_carea' id='block_1_9' title="bbox 440 2662 808 2694">
    <p class='ocr_par' dir='ltr' id='par_1_21' title="bbox 440 2662 808 2694">
     <span class='ocr_line' id='line_1_50' title="bbox 440 2662 808 2694; baseline -0.005 -6"><span class='ocrx_word' id='word_1_526' title='bbox 440 2662 464 2694; x_wconf 70' lang='lat'><strong>³)</strong></span> <span class='ocrx_word' id='word_1_527' title='bbox 484 2662 590 2694; x_wconf 73' lang='lat' dir='ltr'><strong>Corriqe</strong></span> <span class='ocrx_word' id='word_1_528' title='bbox 596 2672 604 2686; x_wconf 85' lang='grc'><strong>.-</strong></span> <span class='ocrx_word' id='word_1_529' title='bbox 624 2663 808 2688; x_wconf 83' lang='lat' dir='ltr'><strong>Enzerstorffii.</strong></span> 
     </span>
    </p>
   </div>
   <div class='ocr_carea' id='block_1_10' title="bbox 336 2736 2044 2858">
    <p class='ocr_par' dir='ltr' id='par_1_22' title="bbox 336 2736 2044 2858">
     <span class='ocr_line' id='line_1_51' title="bbox 444 2736 2044 2773; baseline -0.001 -9"><span class='ocrx_word' id='word_1_530' title='bbox 444 2739 463 2771; x_wconf 86' lang='lat'><strong>¹)</strong></span> <span class='ocrx_word' id='word_1_531' title='bbox 484 2738 643 2765; x_wconf 78' lang='lat' dir='ltr'><strong>Glaustrum</strong></span> <span class='ocrx_word' id='word_1_532' title='bbox 660 2747 681 2765; x_wconf 85' lang='lat' dir='ltr'><strong>s.</strong></span> <span class='ocrx_word' id='word_1_533' title='bbox 697 2739 808 2766; x_wconf 68' lang='lat' dir='ltr'><strong>Mariae</strong></span> <span class='ocrx_word' id='word_1_534' title='bbox 825 2739 1014 2773; x_wconf 67' lang='lat' dir='ltr'><strong>Maqdalenae</strong></span> <span class='ocrx_word' id='word_1_535' title='bbox 1035 2739 1066 2764; x_wconf 76' lang='lat' dir='ltr'><strong>in</strong></span> <span class='ocrx_word' id='word_1_536' title='bbox 1084 2738 1257 2773; x_wconf 74' lang='lat' dir='ltr'><strong>Enzersdorf</strong></span> <span class='ocrx_word' id='word_1_537' title='bbox 1274 2738 1322 2764; x_wconf 82' lang='lat' dir='ltr'><strong>sub</strong></span> <span class='ocrx_word' id='word_1_538' title='bbox 1345 2745 1408 2764; x_wconf 83' lang='lat' dir='ltr'><strong>arce</strong></span> <span class='ocrx_word' id='word_1_539' title='bbox 1425 2736 1605 2764; x_wconf 64' lang='lat' dir='ltr'><strong>thstem</strong></span> <span class='ocrx_word' id='word_1_540' title='bbox 1621 2736 1704 2763; x_wconf 70' lang='lat' dir='ltr'><strong>sibam</strong></span> <span class='ocrx_word' id='word_1_541' title='bbox 1721 2736 1875 2763; x_wconf 72' lang='lat' dir='ltr'><strong>dedicamm</strong></span> <span class='ocrx_word' id='word_1_542' title='bbox 1891 2744 1918 2763; x_wconf 85' lang='lat' dir='ltr'><strong>a.</strong></span> <span class='ocrx_word' id='word_1_543' title='bbox 1931 2739 2000 2763; x_wconf 72' lang='lat'><strong><em>1454</em></strong></span> <span class='ocrx_word' id='word_1_544' title='bbox 2018 2743 2044 2763; x_wconf 74' lang='lat'><strong>50</strong></span> 
     </span>
     <span class='ocr_line' id='line_1_52' title="bbox 336 2778 2000 2814; baseline -0.001 -7"><span class='ocrx_word' id='word_1_545' title='bbox 336 2781 471 2814; x_wconf 72' lang='lat' dir='ltr'><strong>fratribus</strong></span> <span class='ocrx_word' id='word_1_546' title='bbox 482 2781 640 2808; x_wconf 76' lang='lat' dir='ltr'><strong>Minoribus</strong></span> <span class='ocrx_word' id='word_1_547' title='bbox 651 2782 782 2809; x_wconf 72' lang='lat' dir='ltr'><strong>traditum</strong></span> <span class='ocrx_word' id='word_1_548' title='bbox 799 2785 843 2809; x_wconf 76' lang='lat' dir='ltr'><strong>est.</strong></span> <span class='ocrx_word' id='word_1_549' title='bbox 933 2782 953 2814; x_wconf 85' lang='lat'><strong>²)</strong></span> <span class='ocrx_word' id='word_1_550' title='bbox 976 2782 1138 2809; x_wconf 76' lang='lat' dir='ltr'><strong>Coenobium</strong></span> <span class='ocrx_word' id='word_1_551' title='bbox 1149 2790 1176 2808; x_wconf 90' lang='lat' dir='ltr'><strong>a.</strong></span> <span class='ocrx_word' id='word_1_552' title='bbox 1186 2785 1250 2808; x_wconf 82' lang='lat'><em>1529</em></span> <span class='ocrx_word' id='word_1_553' title='bbox 1263 2781 1297 2808; x_wconf 82' lang='lat' dir='ltr'><strong>ab</strong></span> <span class='ocrx_word' id='word_1_554' title='bbox 1311 2780 1460 2808; x_wconf 78' lang='lat' dir='ltr'><strong>Olwmam&#39;s</strong></span> <span class='ocrx_word' id='word_1_555' title='bbox 1471 2779 1593 2806; x_wconf 69' lang='lat' dir='ltr'><strong>dinatum</strong></span> <span class='ocrx_word' id='word_1_556' title='bbox 1604 2782 1649 2813; x_wconf 80' lang='lat' dir='ltr'><strong>est,</strong></span> <span class='ocrx_word' id='word_1_557' title='bbox 1669 2787 1752 2813; x_wconf 74' lang='lat' dir='ltr'><strong>quare</strong></span> <span class='ocrx_word' id='word_1_558' title='bbox 1765 2781 1867 2814; x_wconf 74' lang='lat' dir='ltr'><strong>fratres</strong></span> <span class='ocrx_word' id='word_1_559' title='bbox 1878 2778 2000 2806; x_wconf 69' lang='lat' dir='ltr'><strong>Minores</strong></span> 
     </span>
     <span class='ocr_line' id='line_1_53' title="bbox 336 2824 1494 2858; baseline 0.001 -7"><span class='ocrx_word' id='word_1_560' title='bbox 336 2824 406 2851; x_wconf 74' lang='lat' dir='ltr'><strong>illud</strong></span> <span class='ocrx_word' id='word_1_561' title='bbox 422 2833 508 2851; x_wconf 79' lang='lat' dir='ltr'><strong>mense</strong></span> <span class='ocrx_word' id='word_1_562' title='bbox 527 2825 673 2858; x_wconf 78' lang='lat' dir='ltr'><strong>Septembri</strong></span> <span class='ocrx_word' id='word_1_563' title='bbox 691 2825 806 2852; x_wconf 73' lang='lat' dir='ltr'><strong>eiusdem</strong></span> <span class='ocrx_word' id='word_1_564' title='bbox 824 2826 895 2852; x_wconf 79' lang='lat' dir='ltr'><strong>anni</strong></span> <span class='ocrx_word' id='word_1_565' title='bbox 913 2825 1026 2852; x_wconf 74' lang='lat' dir='ltr'><strong>deserere</strong></span> <span class='ocrx_word' id='word_1_566' title='bbox 1044 2825 1130 2852; x_wconf 74' lang='lat' dir='ltr'><strong>coacti</strong></span> <span class='ocrx_word' id='word_1_567' title='bbox 1148 2827 1218 2852; x_wconf 74' lang='lat' dir='ltr'><strong>sumt.</strong></span> <span class='ocrx_word' id='word_1_568' title='bbox 1488 2840 1494 2845; x_wconf 86' lang='lat'><strong>·</strong></span> 
     </span>
    </p>
   </div>
  </div>
 </body>
</html>
