2150 3178
359 197 423 228 336
476 203 482 209 ·
820 192 992 221 ANNALES
1009 192 1258 221 NECROLOGIOI
1277 191 1565 221 AGGSBACENSES.

459 280 492 307 A.
505 279 531 307 d.
546 279 614 307 1419
632 279 676 307 ob.
690 279 716 307 d.
729 279 830 307 Peme
853 279 887 307 de
906 279 998 307 Pulka
1021 281 1051 307 et
1069 279 1094 308 d.
1107 279 1284 308 Hei-mannus
1306 279 1341 307 de
1359 278 1466 307 Missua
1486 278 1611 315 praefati
1628 279 1726 311 domus
1744 279 1847 309 Portae
1866 281 1895 309 b.
1907 280 2023 310 Mariae.

461 323 495 351 A.
508 323 534 351 d.
548 323 615 350 1421
634 323 710 350 viam
727 322 876 350 universae
894 322 986 351 carnis
1003 322 1144 358 ingressus
1163 324 1207 350 est
1224 331 1282 350 rev.
1295 331 1323 358 p.
1335 331 1362 351 n.
1375 323 1493 351 Ioannee
1511 322 1546 350 de
1564 321 1751 358 Griffonberg,
1774 322 1852 359 prior
1868 323 2024 358 Oartusise,

355 367 405 402 qui
423 367 555 402 regnavit
568 367 602 394 10
613 366 702 399 annia.
722 368 751 394 et
763 365 900 394 suecessit
912 366 939 394 ei
952 366 1059 394 electus
1070 375 1128 395 rev,
1141 375 1169 402 p.
1183 366 1359 394 Guilhelmue
1372 366 1407 394 de
1419 366 1504 394 Mola.
1534 365 1587 394 Ob.
1600 365 1687 394 etiam
1699 366 1726 394 d.
1737 366 1886 395 Dumndus
1897 367 2025 396 Muraflor

359 411 505 446 praefatae
523 410 622 437 domus
641 410 742 438 Portae
761 409 789 437 b.
801 409 916 438 Mariae.

460 453 512 481 Ob.
526 462 551 480 a.
565 453 592 481 d.
605 453 674 480 1426
692 453 718 480 (1.
732 453 831 480 Petrus
850 452 980 488 Ungarus
999 461 1055 480 sac.
1070 454 1100 480 et
1117 462 1153 479 m.
1166 452 1271 480 dudum
1289 453 1386 480 domus
1405 452 1563 488 Pragensis.
2052 460 2064 480 ι

459 496 510 524 Ob.
524 505 549 524 a.
563 497 589 524 d.
602 496 671 524 1428
689 496 716 524 (1.
730 496 830 524 Petrus
849 496 989 524 Bohemus
1008 504 1064 523 sac.
1078 498 1108 523 et
1125 505 1161 524 m.
1174 495 1273 523 domus
1292 495 1449 532 Pragensis,
1467 498 1561 524 rector
1577 496 1675 524 domun
1686 495 1780 525 Vanis
1799 496 1942 533 Iosaphat.

459 539 511 567 Ob.
525 548 550 567 a..
563 540 589 567 d.
601 539 672 568 1433
690 540 716 567 (1.
729 539 867 567 Nicolaus
885 539 920 567 de
939 539 1067 567 Mor-avia
1084 539 1156 575 prof.
1170 539 1268 566 domus
1288 539 1404 575 Pragae,
1422 538 1525 567 ultimo
1542 539 1614 575 prof.
1626 539 1657 567 in
1675 539 1758 568 Seite.

460 582 511 610 Ob.
525 592 551 610 a.
564 583 590 610 d.
605 583 672 610 1434
690 582 717 610 (1.
729 582 864 610 Albertus
886 592 922 610 m.
940 582 1012 618 prof.
1029 582 1127 610 domus
1151 582 1291 610 Passionis
1310 582 1415 610 Christi
1438 591 1527 618 prope
1546 582 1671 619 Lignitz.
1697 583 1839 619 quondam
1859 585 2025 620 procurator

357 626 454 653 domus
473 626 618 654 desolatae
635 634 725 662 prope
745 625 874 662 Pragam.

460 669 512 697 Ob.
525 678 550 696 a.
564 669 590 696 d.
606 670 672 697 1435
691 669 717 695 (1.
731 667 866 695 Νἰοοίειιιε
885 668 981 696 Crucis
999 669 1070 704 prof.
1082 668 1174 704 primo
1195 669 1306 705 Ptagae,
1325 668 1447 697 secundo
1466 668 1573 697 Throni
1592 669 1662 697 bna
1680 669 1814 706 Virginis,
1832 669 1911 706 prior
1929 670 2020 701 Vallia
2039 676 2066 697 ιο

357 712 501 748 Iosaphat,
520 712 592 740 alias
611 711 688 747 prior
706 712 852 739 domorum
870 712 980 740 Brunae
999 714 1029 740 et
1049 712 1162 740 Throni.

460 755 511 783 Ob.
526 765 550 783 a.
565 756 590 782 d.
605 756 673 782 1437
691 756 718 783 (1.
732 754 895 783 Matthaeus
914 755 982 783 olim
999 756 1071 791 prof.
1085 757 1115 784 et.
1133 755 1185 783 vic.
1199 756 1297 784 domus
1315 756 1432 792 Pragae,
1451 756 1554 785 ultimo
1572 758 1644 793 prof.
1657 757 1755 786 domna
1772 757 1803 786 in
1820 758 1983 787 Mam-bach.

459 799 511 827 Ob.
525 808 550 826 a.
563 799 589 826 d.
604 798 671 826 1439
689 799 714 825 d.
730 798 847 827 Ioannes
862 799 995 827 Hersveld
1014 799 1155 834 quondam
1174 800 1294 828 sacrista.
1313 800 1409 828 domus
1422 800 1504 828 Horti
1517 801 1544 828 b.
1556 800 1663 830 Mariae
1676 801 1793 837 Pragae.
1824 802 1856 830 1).
1864 802 2023 831 Stenislaus

355 843 424 870 olim
442 842 513 878 prof.
528 842 625 869 domus
648 842 762 877 Pragae,
782 848 864 870 saon.

459 886 511 913 Ob.
524 894 548 912 a.
563 885 589 912 d.
604 886 670 912 1441
690 885 716 913 d.
729 885 866 913 Nicolaus
885 886 918 914 de
937 885 1030 914 stetin
1047 895 1084 913 m.
1097 886 1167 922 prof.
1180 887 1271 922 primo
1289 886 1408 923 Pragae,
1426 887 1528 916 ultimo
1546 887 1659 916 Gratias
1677 887 1730 916 Dei
1748 897 1836 924 prope
1855 888 1956 918 Stetin.
2041 896 2068 918 u

459 929 511 956 Ob.
525 938 550 956 a.
564 929 590 955 d.
603 929 672 956 1442
691 929 717 956 d.
730 928 831 956 Petrus
852 929 983 957 Pernatat
1001 929 1069 957 olim
1088 930 1160 965 prof.
1173 939 1261 966 prope
1280 930 1410 966 Pragam.

459 972 511 1000 Ob.
524 981 549 999 a.
563 972 589 999 d.
604 972 670 999 1447
690 972 716 999 d.
730 972 853 999 Thomas
871 972 943 1008 prof.
956 972 1047 1008 primo
1066 973 1163 1001 domus
1182 973 1300 1009 Pragae,
1318 974 1440 1002 secundo
1459 973 1557 1002 domus
1570 974 1672 1003 Portae
1690 974 1716 1003 b.
1732 975 1838 1004 Mariae
1854 975 1885 1003 in
1897 976 2024 1012 Axpaoh.

458 1016 510 1043 Ob.
524 1024 549 1043 a.
562 1016 588 1043 d.
604 1016 671 1043 1456
689 1015 715 1042 (1.
730 1015 829 1043 Petrus
854 1016 888 1044 de
911 1015 1101 1044 Schweidnitz
1125 1026 1162 1044 ιιι.
1179 1017 1249 1052 prof.
1270 1017 1361 1052 primo
1383 1017 1481 1045 domus
1504 1017 1587 1046 Horti
1610 1018 1636 1046 b.
1654 1018 1761 1047 Mariae
1784 1027 1872 1055 prope
1894 1019 2024 1056 Pragam,

357 1059 479 1088 secundo
497 1059 596 1086 domus
615 1059 716 1086 Portae
737 1060 762 1086 b.
777 1059 883 1087 Mariae
902 1059 931 1087 in
951 1059 1098 1095 Axp(aoh).

459 1103 510 1130 Ob.
524 1112 550 1130 a.
564 1102 590 1129 (1.
599 1102 672 1132 ,1464
691 1103 717 1129 (1.
731 1102 867 1130 Nicolaus
885 1103 920 1130 de
939 1103 1077 1138 Glogovia
1094 1103 1166 1138 prof.
1179 1103 1277 1131 domus
1295 1103 1413 1139 Pragae
1431 1103 1532 1149 ultirno
1553 1105 1651 1132 domus
1670 1105 1775 1133 Throni
1793 1105 1821 1134 b.
1833 1105 1949 1134 Mariae.
2042 1111 2069 1133 ω

457 1146 509 1174 Ob.
523 1155 547 1173 a.
561 1146 587 1173 d.
601 1146 671 1173 1423
689 1146 722 1173 fr.
737 1146 863 1173 Clemens
882 1146 950 1174 olim
969 1155 1012 1174 cv.
1025 1146 1096 1182 prof.
1109 1155 1200 1182 prope
1221 1147 1349 1182 Pragam.

460 1189 512 1217 Ob.
525 1198 550 1217 a.
564 1189 590 1216 d.
605 1190 673 1216 1426
691 1190 725 1216 fr.
740 1190 857 1217 loannes
875 1189 943 1216 olim
962 1198 1005 1217 ev.
1017 1189 1089 1225 prof.
1101 1198 1191 1226 prope
1210 1190 1340 1225 Pragam.

459 1233 511 1260 Ob.
524 1242 549 1260 a.
562 1233 588 1259 d.
603 1232 669 1260 1437
689 1233 720 1259 fr.
736 1233 896 1260 Ger-hardus
915 1233 983 1260 olim
1001 1241 1044 1261 cv.
1056 1233 1129 1268 prof.
1142 1242 1231 1269 prope
1250 1233 1379 1269 Pragam.

460 1276 511 1304 Ob.
525 1285 549 1304 a.
564 1276 590 1303 d.
606 1277 671 1303 1459
691 1276 717 1303 d.
732 1276 849 1303 Ioannes
868 1276 1013 1304 Putzbach
1033 1286 1069 1304 m.
1082 1277 1153 1312 prof.
1166 1276 1258 1312 primo
1277 1276 1358 1304 Horti
1377 1277 1403 1305 b.
1416 1277 1524 1305 Mariae
1542 1285 1632 1312 prope
1650 1277 1782 1317 Praggm,
1807 1278 1908 1306 ultimo
1925 1278 2024 1307 domun

355 1319 436 1347 Horti
456 1319 562 1347 Christi
581 1328 669 1355 prope
688 1319 826 1354 Noerling
844 1319 874 1346 iu
892 1319 996 1347 Suevia
1014 1322 1043 1347 et
1062 1320 1135 1348 alias
1155 1320 1232 1356 prior
1250 1320 1347 1348 Pontis
1365 1320 1392 1348 b.
1405 1319 1512 1348 Mariae
1529 1320 1558 1348 in
1577 1321 1715 1350 Astbeim.
2041 1327 2068 1348 a

459 1364 510 1391 Isti
529 1365 602 1395 suut,
622 1363 670 1398 qui
690 1372 803 1390 manum
823 1363 922 1391 Zisska
940 1365 1100 1397 evaserunt,
1117 1372 1236 1399 quornm
1254 1363 1370 1392 nomina
1388 1363 1496 1399 scripta
1513 1366 1581 1392 eunt
1598 1364 1627 1391 in
1645 1363 1718 1392 libro
1737 1363 1848 1398 vines)

459 1408 491 1434 A.
505 1407 531 1434 d.
548 1407 614 1435 1426
632 1407 676 1434 ob.
690 1407 717 1433 d.
730 1406 890 1442 Stephanus
910 1416 944 1434 m.
958 1409 988 1434 et
1006 1415 1063 1435 sao.
1076 1407 1174 1435 domus
1193 1407 1296 1435 Portae
1315 1406 1342 1435 b.
1354 1407 1462 1436 Mariae
1480 1407 1510 1435 in
1528 1407 1656 1443 Axpaoh.

459 1451 491 1478 A.
505 1451 531 1477 d.
546 1451 612 1477 1427
632 1451 676 1478 ob.
691 1451 716 1477 d.
732 1450 865 1478 Nicolaus
884 1459 919 1477 m.
934 1450 1032 1478 domus
1045 1450 1148 1479 Portae
1166 1451 1193 1478 b.
1209 1450 1315 1478 Mariae
1330 1453 1360 1479 et
1372 1451 1398 1478 d.
1409 1451 1527 1479 Iacobus
1538 1451 1603 1479 abb.
1616 1451 1756 1486 quondam
1769 1451 1852 1479 ιιιοιιίι
1863 1451 1894 1480 in
1906 1451 2024 1486 Cedlitz,

355 1494 403 1529 qui
423 1494 616 1522 Cartueieuses
634 1494 739 1522 eiectos
758 1494 792 1521 de
811 1494 893 1521 domo
912 1502 1000 1529 prope
1020 1494 1140 1529 Pragam
1159 1494 1187 1521 in
1206 1502 1257 1522 auo
1276 1494 1447 1523 charitative
1464 1494 1573 1530 recepit
1590 1495 1687 1523 m0n¹0.

459 1539 492 1565 A.
505 1538 531 1565 d.
547 1538 615 1564 1430
633 1538 677 1565 ob.
690 1538 723 1564 fr.
737 1537 897 1564 Leonardus
916 1546 958 1564 cv.
973 1537 1043 1572 prof.
1057 1537 1154 1565 domus
1174 1537 1275 1566 Portae
1295 1537 1321 1565 b.
1335 1537 1441 1566 Mariae
1458 1537 1488 1566 in
1506 1538 1634 1574 Axpach.
2041 1547 2069 1568 ιο

459 1582 491 1608 A.
505 1581 531 1608 d.
546 1581 611 1608 1431
632 1581 707 1608 viam
726 1580 871 1608 universae
891 1580 983 1608 carnis
1001 1580 1142 1616 ingressus
1161 1582 1205 1608 est
1223 1581 1248 1608 d.
1263 1580 1401 1609 Martinus
1416 1581 1449 1609 V.
1462 1589 1546 1616 papa,
1565 1581 1611 1608 eui
1629 1581 1764 1610 succeseit
1780 1581 1922 1618 Eugeniun
1940 1580 2025 1610 huius

355 1624 475 1652 nominis
494 1633 571 1660 papa
589 1624 636 1651 IV.

460 1669 491 1695 A.
505 1668 531 1695 d.
547 1667 613 1695 1432
631 1668 676 1695 ob.
690 1667 722 1694 d·
734 1668 816 1694 Anna.
829 1676 873 1694 ux.
887 1667 1027 1701 quondam
1046 1667 1072 1694 di
1087 1667 1199 1695 Ioannis
1213 1667 1247 1695 de
1261 1668 1406 1702 Meyssaw,
1421 1667 1472 1695 filii
1486 1668 1643 1696 fundatoris
1656 1668 1754 1696 domus
1767 1669 1868 1696 Portae
1881 1668 1907 1696 b.
1917 1668 2025 1697 Mariae

356 1713 385 1739 in
404 1711 532 1747 Axpach.

459 1755 491 1782 A.
504 1754 532 1782 d.
548 1754 616 1782 1433
635 1754 679 1781 ob.
694 1754 719 1780 d.
734 1754 870 1789 Georgius
888 1763 923 1781 m.
937 1753 1034 1780 domus
1055 1753 1156 1780 Portae
1176 1753 1202 1780 b.
1215 1753 1330 1781 Mariae.
1369 1753 1412 1781 Fr.
1425 1753 1542 1781 Ioannes
1562 1763 1603 1782 cv.
1617 1755 1742 1783 eiusdem
1760 1755 1866 1784 domus.
2041 1763 2067 1784 ⁸5

460 1799 492 1824 A.
507 1798 533 1824 d.
549 1798 615 1825 1435
633 1797 677 1824 ob.
690 1797 723 1824 fr.
737 1797 859 1824 'rhomae
878 1806 920 1824 ov.
933 1797 1030 1823 domus
1050 1796 1150 1824 Portae
1169 1796 1195 1823 b.
1209 1796 1317 1824 Mariae
1334 1795 1464 1831 virginis.

460 1842 492 1867 A.
506 1841 532 1868 d.
548 1841 614 1868 1436
633 1841 678 1868 01).
691 1840 716 1867 (1.
738 1840 855 1867 Ioannes
874 1849 908 1867 m.
922 1840 993 1874 pros.
1006 1839 1103 1867 domus
1122 1840 1224 1867 Portae
1242 1840 1269 1867 b.
1283 1840 1396 1868 Mariae.

460 1884 492 1910 A.
506 1883 532 1911 d.
548 1883 614 1910 1437
633 1884 676 1910 o'b.
690 1883 716 1910 d.
730 1883 872 1910 Conradus
891 1882 1028 1911 Columba
1046 1892 1082 1911 m.
1095 1885 1125 1911 et
1143 1892 1199 1910 sac.
1214 1883 1311 1910 domus
1330 1883 1433 1911 Portae
1451 1884 1478 1911 b.
1493 1883 1599 1911 Mariae
1617 1883 1648 1911 in
1665 1883 1792 1919 Axpach.

460 1927 492 1954 A.
506 1927 532 1953 d.
549 1927 615 1954 1438
634 1926 709 1953 viam
728 1926 889 1954 etei-nitati«
915 1926 1056 1962 ingressus
1077 1928 1121 1953 est
1138 1935 1195 1954 rev.
1209 1935 1236 1961 p.
1250 1926 1427 1954 Guilhelmus
1446 1927 1480 1954 de
1500 1927 1587 1958 Mola,
1613 1927 1658 1955 cui
1676 1927 1812 1955 successit
1828 1936 1885 1956 rev.
1899 1936 1926 1962 p.
1940 1926 2024 1955 Fran-

357 1971 447 1998 ciscus
466 1970 542 2005 prior
561 1970 715 1997 Cartusiae.
2043 1983 2070 2003 ⁴0

460 2014 493 2041 A.
507 2014 533 2040 d.
548 2014 616 2041 1440
635 2013 678 2040 ob.
693 2013 719 2041 d.
734 2013 851 2040 Iacobus
870 2013 905 2040 de
924 2012 1058 2041 Uteldorf
1073 2022 1107 2040 m.
1122 2014 1151 2040 et
1169 2021 1225 2040 sac.
1240 2013 1338 2040 domus
1357 2013 1459 2041 Portae
1478 2013 1505 2042 b.
1517 2013 1626 2041 Mariae
1644 2013 1673 2041 in
1691 2013 1819 2049 Axpaoh.

460 2058 492 2084 A.
503 2057 529 2084 d.
543 2057 610 2084 1442
619 2057 663 2084 01).
672 2057 697 2083 d.
706 2056 825 2083 lacobus
837 2056 872 2083 de
880 2056 993 2084 Vienna
1005 2065 1041 2083 ιιι.
1050 2056 1121 2090 prof.
1130 2056 1228 2083 domus
1239 2056 1342 2084 Portae
1353 2057 1492 2084 b.Mariae
1505 2057 1535 2084 in
1543 2057 1662 2092 Axpaoh
1675 2058 1704 2084 et
1716 2057 1784 2084 olim
1796 2056 1873 2092 prior
1885 2056 2024 2091 ibidem.²)
2042 2064 2044 2066 ·

461 2101 491 2127 A.
505 2100 530 2127 d.
546 2100 612 2127 1443
631 2099 674 2127 ob.
689 2100 715 2127 d.
729 2099 905 2127 Christianus
928 2109 964 2127 m.
982 2100 1053 2134 prof.
1071 2099 1169 2126 domus
1187 2099 1295 2126 Throni
1313 2100 1339 2127 b.
1353 2100 1459 2128 Mariae
1482 2100 1511 2127 in
1529 2099 1674 2133 Gemnico,
1698 2100 1766 2128 olim
1783 2100 1861 2135 prior
1878 2100 2023 2128 domorum

358 2143 448 2171 Vallis
466 2143 566 2170 auxilii
586 2143 615 2170 in
635 2143 759 2177 Ungaria
778 2145 807 2170 eb
826 2143 924 2170 domus
942 2143 1044 2171 Portae
1063 2143 1090 2170 b.
1103 2143 1210 2170 Mariae
1228 2143 1258 2170 in
1275 2143 1403 2178 Axpach.

460 2187 492 2213 A.
505 2187 532 2214 d.
546 2187 613 2214 1447
632 2186 676 2214 ob.
690 2186 715 2213 d.
728 2186 850 2213 Thomas
868 2186 940 2221 prof.
953 2187 1044 2221 primo
1063 2187 1160 2214 domus
1173 2186 1254 2213 Horti
1268 2186 1294 2214 b.
1306 2186 1412 2214 Mariae
1424 2195 1512 2222 prope
1525 2186 1654 2223 Pragam,
1673 2187 1794 2215 secundo
1807 2187 1904 2215 domun
1917 2187 2019 2215 Portae
2037 2198 2065 2219 4⁵

357 2230 383 2257 b.
398 2230 506 2257 Mariae
524 2229 553 2256 in
572 2230 690 2264 Axpach
709 2238 764 2257 sac.

458 2274 490 2300 A.
505 2273 530 2300 d.
548 2273 613 2299 1448
631 2273 675 2300 ob.
689 2273 722 2299 fr.
737 2273 854 2300 Ioannes
874 2282 915 2300 cv.
930 2273 1002 2308 prof.
1018 2274 1118 2300 Portae
1137 2273 1164 2300 b.
1180 2272 1285 2300 Mariae
1304 2272 1332 2299 iu
1352 2273 1479 2307 Axpach.

460 2318 491 2343 A.
506 2317 531 2342 d.
546 2317 614 2343 1456
633 2317 677 2343 ob.
691 2316 716 2342 d.
731 2316 831 2343 Petrus
854 2316 888 2343 de
911 2316 1099 2343 Sohweidnitz
1123 2325 1158 2342 m.
1176 2315 1247 2351 prof.
1265 2315 1356 2350 primo
1379 2315 1478 2343 domus
1499 2316 1583 2344 Horti
1609 2315 1759 2344 b.Ma1·iae
1781 2324 1869 2351 prope
1893 2316 2022 2351 Pragam,

355 2359 456 2387 ultimo
475 2360 572 2386 domus
584 2359 686 2386 Portae
705 2359 731 2386 b.
745 2359 853 2386 Mariae
871 2359 899 2386 in
913 2359 1039 2394 Axpach.
1067 2359 1151 2386 Viam
1170 2367 1282 2393 quoque
1300 2358 1447 2386 universae
1466 2359 1558 2387 carnis
1578 2358 1719 2395 ingressus
1737 2361 1781 2387 est
1792 2359 1928 2387 Nioolaus
1945 2368 2023 2395 papa

355 2402 439 2430 huius
457 2402 577 2429 nominis
591 2402 622 2428 V.
638 2404 666 2429 et
685 2402 790 2429 electus
809 2402 931 2429 Calistus
952 2402 998 2428 111.
1003 2402 1024 2436 ²)
2040 2413 2068 2434 ω

462 2448 493 2472 A.
507 2446 533 2473 d.
548 2445 615 2472 1458
634 2445 678 2472 ob.
692 2445 726 2472 fr.
740 2445 856 2472 Ioannes
876 2445 940 2472 cler.
953 2445 1080 2472 redditus
1099 2445 1169 2479 prof.
1183 2445 1280 2472 domus
1299 2444 1402 2472 Portae
1420 2444 1447 2471 b.
1461 2444 1593 2472 Mariae'
1585 2454 1614 2471 m
1633 2445 1760 2480 Axpaeh.

459 2490 492 2516 A.
506 2489 531 2516 d.
545 2489 614 2515 1460
631 2488 675 2515 ob.
689 2488 715 2515 d.
729 2489 846 2515 Ioannes
859 2489 944 2523 Span,
959 2488 1036 2523 prior
1048 2487 1137 2514 Vallis
1155 2487 1284 2514 Omnium
1297 2487 1463 2515 Sanctorum
1481 2487 1510 2514 in
1524 2487 1675 2515 Maurbaoo
1694 2489 1724 2516 et
1741 2487 1813 2515 aliae
1830 2488 1907 2523 prior
1925 2489 2022 2516 domne

356 2533 458 2560 Portae
481 2532 508 2560 b.
527 2531 634 2559 Man‘ae
656 2531 685 2558 in
704 2532 856 2566 Axpach.³)
897 2531 929 2558 D.
943 2531 1118 2558 Christianus
1139 2540 1173 2557 m.
1191 2530 1262 2565 prof.
1281 2530 1378 2558 domus
1397 2531 1498 2558 Portae
1517 2531 1543 2558 b.
1557 2530 1663 2558 Mariae
1687 2532 1716 2558 et
1738 2531 1771 2558 fr.
1784 2530 1960 2560 Guilhelmus
1978 2540 2021 2560 ov.

357 2576 454 2602 domus
473 2575 575 2602 Portae
594 2575 728 2602 eiusdem.

459 2679 483 2713 ὅ)
503 2681 576 2705 Haec
594 2685 657 2705 nota
676 2681 852 2713 complectitur
866 2681 1050 2713 praecedentes
1068 2685 1143 2705 notas
1161 2680 1335 2713 necroloyicas
1354 2680 1386 2705 ab
1404 2689 1429 2706 a.
1445 2681 1511 2705 1426
1528 2680 1682 2712 incipiendo.
2039 2684 2064 2704 55

463 2749 484 2781 ¹)
505 2747 646 2774 Cartusiae
656 2748 835 2782 Aqqsbaoensi
848 2751 894 2780 15¹2
906 2756 995 2775 annos
1007 2748 1195 2782 (1412—1414)
1205 2748 1327 2782 praefuit
1339 2750 1364 2774 et
1377 2747 1434 2774 III.
1444 2755 1534 2774 rumas
1546 2747 1613 2774 Iulii
1624 2756 1649 2775 a.
1661 2750 1729 2774 1442
1739 2747 1813 2775 obiit.
1883 2747 1906 2781 ²)
1923 2755 1950 2775 a.
1959 2750 2022 2774 1455

358 2791 444 2818 Nicol.
461 2791 491 2817 V.
503 2790 555 2823 ob.,
582 2790 682 2818 Galia-t.
699 2791 757 2818 111.
774 2799 843 2818 succ.
951 2793 972 2825 ⁸)
991 2791 1083 2818 Annis
1106 2793 1274 2818 1424-—1435
1296 2791 1432 2817 cartusiae
1450 2790 1632 2825 Aqqsbacmei
1649 2790 1775 2825 praefuit
1799 2798 1833 2817 ac
1856 2790 1916 2818 ΙΙΙ,
1932 2797 2022 2817 nonas

359 2835 505 2862 Februarii
523 2843 548 2860 a.
562 2837 630 2860 1460
647 2833 718 2859 obiit.
1454 2854 1460 2859 ,
