2150 3178
348 186 410 216 516
753 180 1023 209 NECROLOGIUM
1042 180 1232 210 CANONIAE
1250 180 1300 208 AD
1319 180 1345 208 S.
1357 179 1611 208 HIPPOLYTUM.

661 268 722 301 mu·
747 268 788 300 de
812 267 973 310 Gotwico,
1002 279 1127 301 consor.
1143 279 1174 300 ιι.
1220 267 1382 310 Georgius
1405 267 1546 300 Kramer
1568 267 1609 300 de
1631 267 1818 311 Newburga
1841 267 2016 301 claustrali

659 321 729 363 pbr.
754 324 788 353 et
815 320 872 353 cfr.
892 332 924 353 ιι.
973 320 1133 363 Georgius
1163 319 1287 351 ibidem
1317 319 1387 362 pbr.
1411 322 1445 351 et
1472 319 1529 351 cfr.
1549 330 1579 352 n.
1629 320 1742 362 Agnes
1764 319 1945 363 Pergeriun
1972 319 2014 352 de

660 373 824 406 Viehofen
856 383 980 405 consor.
1005 384 1036 405 n.
1066 374 1158 405 1475.
1211 371 1436 414 sigismundus
1465 371 1619 414 subdyao.
1647 371 1689 404 de
1719 371 1870 414 Secovia,
1902 371 1959 404 cfr.
1982 382 2014 404 ιι.

658 424 691 452 D.
705 424 844 452 Martinus
862 424 1030 452 Tuensteter
1054 424 1089 452 de
1112 423 1271 451 Gmundten
1297 423 1358 458 pbr.
1377 424 1407 450 et
1431 422 1479 451 cfr.
1495 432 1535 455 n.‚
1559 423 1609 457 qui
1633 422 1737 451 clausit
1761 421 1835 451 diem
1859 424 2016 451 extremum

659 468 729 496 hora
748 468 837 496 tercia
855 476 946 495 mane.
982 467 1015 495 D.
1029 467 1178 495 Udalricus
1197 466 1337 501 Lempeck
1346 466 1370 501 ⁸)
1389 466 1450 501 pbr.
1463 467 1493 494 et
1509 466 1543 494 fr.
1556 465 1610 499 ab)

348 517 389 544 15.
408 516 582 544 XV111.kal.
608 511 808 553 Hedwigis
830 511 1058 553 Urbanissa,
1083 511 1229 543 oblatio
1253 512 1299 543 60
1316 514 1338 547 a)
1385 510 1680 542 Bartholomeus
1703 509 1807 552 dyac.
1825 509 1867 542 de
1882 509 2015 542 Varaw

661 567 699 596 et
722 564 786 596 cfr.
803 575 834 595 ιι.
874 563 1128 606 [Hermannus
1152 563 1231 605 pbr.
1248 562 1293 594 de
1313 561 1354 594 8⁰
1372 562 1540 603 Andrea,
1563 562 1629 594 cfr.
1644 572 1675 594 n.
1713 561 1875 605 Ulricus·
1890 561 2016 594 dictus

660 615 807 648 Suevus
829 615 909 658 pbr.
927 615 1094 648 ecclesie
1111 614 1357 648 Secoviensis
1373 617 1410 647 et
1430 614 1494 646 cfr.
1511 625 1543 647 n.
1581 613 1747 646 Iacobus
1763 613 1889 646 dictus
1905 613 2014 656 Wulp

661 667 755 708 dec,
790 667 1022 710 ²)Nycolaus
1057 667 1183 699 dictus
1213 666 1388 707 Mordax,
1427 665 1619 708 Nycolaus
1651 665 1817 707 iuvenis,
1854 664 1935 708 pbr¹
1970 665 2014 698 de

660 718 811 760 Stena,
849 718 939 751 efre-
971 718 1014 750 n¹.
1073 719 1228 761 Angnes
1262 717 1586 760 Toczenpekchin
1622 716 1668 750 de
1703 717 2016 760 Herczogwurga

661 781 806 803 consor.
823 782 853 803 n.
900 770 1118 813 Stephanus
1141 781 1216 802 acc.
1238 771 1275 802 in
1298 769 1614 812 Hei-czogburga,
1638 769 1702 802 cfr.
1719 768 1764 812 n.]
1808 767 2016 811 ⁶)Uda1rious

660 834 752 866 ppos.
770 822 875 855 dictus
887 822 1161 865 Welmikcher1),
1182 821 1250 864 pbr.
1268 824 1302 854 et
1315 821 1354 853 fr.
1371 832 1412 863 n.‚
1429 821 1554 863 (14)26.
1593 820 1818 863 sigismundus
1832 819 2017 853 Faeuchter

660 875 730 918 pbr.
751 878 784 908 et
807 875 844 907 fr.
861 885 891 906 n.
909 873 1033 917 (14)26.
1079 874 1242 906 Iohannes
1265 873 1306 905 de
1330 872 1616 906 Perchtolstorffer
1639 872 1680 905 de
1702 871 1912 914 Newnburga
1933 871 2016 914 pbr.,

660 927 717 960 cfr.
734 938 764 958 ιι.
803 927 951 958 Albanus
966 926 1228 968 Hochholtinger
1247 925 1288 958 de
1301 924 1581 967 Wertbersgaden
1602 924 1673 968 pbr.
1690 928 1724 957 et
1742 924 1798 957 cfr.
1815 934 1846 956 ιι.
1884 929 1918 956 D.
1929 928 2015 957 Geor-

661 979 724 1014 gius
743 977 936 1012 Stainseylner
954 978 1030 1012 pleb.
1045 977 1073 1004 in
1094 976 1346 1008 Pehamkhirchen,
1365 977 1426 1011 pbr.
1440 978 1469 1003 et
1486 976 1519 1004 fr.
1534 985 1571 1009 n.‚
1591 976 1667 1004 1541.

347 1031 388 1057 16.
422 1028 510 1056 XVII.
523 1028 581 1055 kal.
607 1022 822 1055 Benedicta
838 1021 883 1054 de
901 1021 1086 1063 Mehtem,
1104 1021 1251 1054 oblatio
1267 1021 1332 1053 XL
1350 1025 1372 1058 ὰ
1412 1020 1580 1052 Perchtu¹
1594 1031 1652 1052 ux.
1665 1019 1861 1053 onum-adi
1876 1019 2015 1052 Dolea-

660 1075 770 1115 toris,
794 1074 944 1106 oblatio
971 1074 1007 1110 ¹12
1027 1074 1091 1105 tal.
1131 1072 1336 1116 [Iohannes
1359 1072 1437 1115 pbr.
1455 1072 1499 1105 de
1521 1071 1562 1104 8⁰
1578 1072 1745 1113 Andros,
1770 1071 1833 1105 cfr.
1851 1082 1880 1104 ιι.
1919 1068 2015 1103 P'au-

662 1127 723 1159 lus
752 1126 830 1168 pbr.
854 1126 900 1158 de
925 1125 1087 1158 Secovia
1117 1129 1155 1158 et
1182 1125 1248 1158 cfr.
1270 1136 1300 1157 ιι.
1349 1124 1524 1158 Andreas
1554 1135 1635 1157 nov.
1659 1127 1697 1157 et
1725 1124 1767 1156 fr.
1786 1135 1817 1156 n.
1863 1123 2016 1156 Ulricus

662 1179 707 1211 de
723 1179 853 1221 Ffigen
878 1179 955 1220 pbr.
973 1177 1018 1210 de
1035 1177 1246 1210 Novacella
1269 1180 1307 1210 et
1329 1177 1394 1209 cfr.
1412 1176 1456 1220 n.]
1494 1176 1667 1218 Iohannes,
1687 1175 1836 1218 Georius,
1851 1175 2016 1216 Erasmus,

662 1231 815 1274 subdyac*
844 1231 876 1262 in
904 1230 1187 1263 chremsmunster
1215 1233 1249 1262 et
1275 1229 1348 1262 effi·
1374 1229 1414 1261 n¹.
1466 1228 1519 1261 Fr.
1540 1228 1749 1261 Bernhardus
1777 1228 1819 1261 de
1843 1226 2017 1260 Walthusu.

662 1294 729 1316 acc.
754 1287 786 1315 et
814 1283 870 1315 cfr.
892 1293 922 1314 ιι.
948 1285 1039 1314 1445.
1085 1281 1304 1325 Wolfgangus
1332 1281 1435 1314 Stekh
1467 1281 1508 1313 de
1537 1280 1723 1323 Newburga
1749 1279 1820 1323 pbr.
1844 1283 1878 1312 et
1906 1279 1963 1312 cfr.
1984 1289 2015 1311 ιι.

661 1336 818 1368 Martinus
841 1334 912 1377 pbr.
930 1334 970 1367 de
995 1333 1033 1366 S·
1048 1334 1217 1367 Dorothea
1241 1337 1273 1366 et
1296 1333 1353 1366 cfr.
1370 1345 1400 1366 n.
1438 1332 1667 1376 Wolffgangus
1690 1335 1723 1365 et
1743 1331 1940 1374 Magdalena
1962 1341 2016 1364 ux.

637 1386 731 1420 'eius
763 1389 854 1419 1491.
906 1386 1008 1419 Nota:
1039 1386 1158 1418 festum
1187 1385 1277 1418 ducis
1286 1385 1329 1428 ²),
1361 1385 1417 1428 qui
1444 1385 1578 1417 donavit
1604 1384 1704 1417 ιιιοιιω
1726 1389 1762 1416 n⁰
1784 1383 2016 1416 sufficiencinm

661 1439 751 1480 salis,
780 1439 948 1481 peragitur
970 1438 1160 1471 solemniter
1183 1437 1224 1470 de
1247 1437 1472 1480 assumpcione
1496 1437 1526 1469 b.
1539 1437 1683 1479 Virginis
1705 1435 1788 1469 infra.
1811 1438 1942 1468 octavas
1963 1445 2016 1467 as-

662 1492 859 1534 sumpcionis
883 1492 962 1523 eiua.
1008 1495 1127 1523 Iodocus
1151 1503 1186 1523 ex
1209 1494 1339 1527 Gothico,
1363 1494 1426 1530 pbr.
1441 1495 1472 1522 et
1494 1494 1545 1521 cfr.
1561 1503 1590 1521 ιι.

351 1551 393 1580 17.
441 1549 513 1577 XVI.
527 1548 584 1576 kal.
613 1543 849 1576 Adalbertus
876 1543 918 1575 fr.
941 1554 970 1574 n.
1021 1542 1287 1575 Ohristoforus
1316 1551 1388 1574 sac.
1410 1541 1536 1574 dictus
1559 1540 1832 1583 Ohienberger.
1878 1540 2018 1582 Symon

663 1595 768 1638 dyac.
790 1595 835 1628 de
858 1594 1039 1635 Medlioo,
1070 1594 1134 1626 cfr.
1156 1605 1187 1626 ιι.
1239 1593 1503 1636 [Chuenradus
1525 1592 1698 1625 Prunner
1727 1591 1773 1624 de
1801 1592 1842 1625 ΒΟ
1861 1591 2018 1625 Αιιᾱιθα

663 1647 741 1690 pbr.
759 1650 797 1679 et
820 1647 884 1679 cfr.
902 1657 930 1678 n.
977 1646 1115 1678 Petrus
1138 1656 1242 1688 ppos.
1260 1648 1298 1677 et
1321 1644 1528 1677 archidiae.
1545 1643 1711 1677 ecclesie
1735 1643 2017 1687 Seooviensiffl)

665 1700 741 1742 pbr.
764 1703 801 1731 et
828 1699 892 1731 cfr.
915 1710 944 1730 n.
991 1697 1256 1740 chunigundis
1279 1696 1557 1739 Layweckerin
1581 1695 1746 1728 ecclesie
1770 1695 2039 1728 secoviensis

663 1762 807 1784 consor.
829 1750 872 1794 n.]
919 1750 1081 1782 Iohannes
1108 1750 1178 1792 pbr.
1200 1749 1240 1781 de
1264 1748 1478 1791 Neunburga,
1507 1748 1564 1780 cfr.
1580 1759 1610 1780 n.
1655 1747 1816 1779 Iohannes
1838 1747 2020 1790 Hospekch

662 1804 703 1836 de
720 1802 1004 1845 Berchtersgaden
1028 1802 1099 1844 pbr.
1116 1805 1149 1834 et
1171 1801 1228 1833 cfr.
1246 1811 1276 1832 n.
1314 1801 1367 1832 Fr.
1384 1799 1556 1832 Udalrieus
1580 1810 1628 1831 cv.
1645 1799 1686 1832 de
1702 1799 1843 1832 Medlico
1865 1803 1898 1832 et
1913 1799 1970 1832 cfr.
1986 1811 2017 1832 ιι.

663 1856 827 1887 Iohannes
855 1854 895 1886 de
920 1854 1207 1886 Krembsmunster
1235 1852 1305 1895 pbr.
1328 1855 1362 1884 et
1384 1851 1440 1884 cfr.
1457 1863 1487 1883 ιι.
1534 1851 1696 1884 Iohannes
1719 1851 1823 1884 dictus
1847 1851 1925 1884 Seld
1947 1851 2016 1895 pbr.

662 1907 818 1940 secularis
845 1906 976 1938 ibidem.
1028 1905 1082 1938 Fr.
1104 1905 1275 1937 Udalricus
1303 1904 1344 1937 de
1373 1903 1491 1936 Melico
1521 1914 1568 1935 cv.
1592 1906 1625 1936 et
1653 1903 1709 1941 cfr.
1730 1914 1761 1935 ιι.
1813 1903 1948 1936 Gabriel
1977 1904 2018 1936 de

662 1958 870 1991 Understorff
887 1958 957 2000 pbr.
975 1960 1008 1990 et
1024 1957 1080 1990 cfr.
1097 1969 1127 1989 n.
1165 1956 1506 2002 PetrusVHaushamer
1522 1955 1591 1997 pbr.
1609 1955 1649 1987 de
1666 1955 1852 1998 Newburga
1869 1958 1902 1988 et
1917 1955 1972 1988 cfr.
1986 1967 2017 1988 ιι.

664 2011 786 2043 Paulus
809 2011 883 2042 abb.
901 2021 943 2042 ex
965 2009 1221 2052 Astenburgk‘),
1245 2008 1315 2051 pbr.
1332 2010 1366 2040 et
1387 2007 1444 2040 cfr.
1461 2018 1491 2039 ιι.

352 2069 392 2094 18.
456 2067 515 2094 XV.
529 2067 586 2094 kal.
614 2063 864 2096 Pernhardus
888 2073 940 2094 cv.
958 2066 995 2094 et
1018 2062 1060 2094 fr.
1077 2073 1107 2093 n.
1146 2060 1364 2103 Stephanus
1388 2060 1432 2092 de
1449 2059 1557 2092 Wald
1580 2059 1658 2102 pbr.
1675 2062 1712 2091 et
1728 2059 1769 2091 fr.
1786 2069 1816 2091 n.
1855 2059 2018 2092 Iohannes

664 2115 739 2147 abb.
756 2116 789 2146 in
806 2114 930 2156 Campo
950 2114 1100 2156 lyliorum
1111 2114 1148 2155 ⁵),
1172 2113 1242 2155 pbr.
1259 2116 1292 2144 et
1315 2112 1372 2144 cfr.
1389 2123 1420 2144 ιι.
1465 2111 1627 2144 Iohannes
1650 2111 1754 2143 dictus
1770 2110 1926 2143 Wolfker
1947 2110 2017 2154 pbr.

664 2167 803 2199 ecclesie
827 2168 859 2198 in
875 2166 990 2199 Stencz
1013 2169 1047 2198 et
1069 2165 1124 2198 cfr.
1142 2176 1173 2197 ιι.
1218 2164 1392 2196 Hainricus
1415 2163 1485 2206 pbr.
1503 2163 1543 2196 de
1556 2163 1689 2205 Varwe)
1710 2165 1743 2195 et
1765 2162 1822 2195 cfr.
1838 2174 1869 2195 ιι.
1914 2163 2018 2195 Pern-

663 2219 780 2251 noldus
803 2219 872 2261 pbr.
891 2219 931 2251 de
955 2219 1257 2260 Pawngartenperg
1280 2219 1314 2248 et
1337 2216 1393 2248 cfr.
1410 2227 1440 2248 n.
1486 2215 1647 2248 Iohannes
1670 2215 1711 2247 de
1732 2215 1866 2247 Merano
1889 2215 1960 2257 pbr.
1977 2214 2019 2247 de

662 2271 841 2303 Novacella
865 2275 899 2302 et
921 2271 977 2302 cfr.
995 2282 1025 2302 n.
1043 2273 1075 2302 et
1098 2269 1136 2301 fr.
1153 2269 1315 2301 Iohannes
1337 2268 1378 2300 de
1392 2267 1567 2299 Walthusa
1583 2266 1735 2309 subdyao.
1752 2270 1786 2299 et
1801 2267 1857 2299 cfr.
1874 2277 1904 2298 ιι.
1925 2269 2016 2300 1445.

664 2323 706 2355 D.
723 2323 847 2364 Oaspar
870 2322 999 2354 Strauss
1023 2322 1064 2354 de
1088 2321 1125 2353 S⁰
1141 2321 1293 2353 Floriano
1316 2319 1387 2362 pbr.
1405 2322 1438 2351 et
1461 2318 1517 2351 cfr.
1533 2329 1563 2350 ιι.
1607 2318 1660 2350 Fr.
1677 2318 1819 2351 Thomas
1842 2318 1883 2351 de
1898 2319 2017 2352 Melico

664 2374 733 2416 pbr.
751 2378 785 2406 et
807 2375 863 2406 cfr.
882 2386 910 2406 ιι.
950 2374 1003 2405 Fr.
1020 2374 1142 2405 Paulus
1166 2383 1208 2405 ex
1224 2372 1414 2413 Altnwuerg
1437 2371 1493 2403 cfr.
1531 2370 1703 2402 Udalricus
1718 2370 1836 2413 Steger
1855 2370 2017 2413 nobilista,

665 2427 720 2458 cfr.
739 2437 780 2466 n.⁷
804 2427 859 2468 qui
882 2429 1020 2458 testatus
1043 2429 1093 2457 est
1115 2425 1208 2457 nobis
1232 2424 1364 2456 domum
1388 2433 1485 2465 super
1502 2423 1640 2464 rippam.
1686 2421 1726 2453 D.
1742 2422 1870 2454 Marcus
1885 2422 1959 2455 abb.
1977 2422 2017 2456 de

665 2478 842 2520 Wifignaw
853 2478 890 2520 θ),
914 2478 984 2520 pbr.
1002 2481 1035 2510 et
1058 2478 1113 2509 cfr.
1131 2489 1161 2509 n.
1207 2481 1369 2515 Stephanus
1392 2489 1427 2507 ex
1449 2479 1698 2507 Krembsmunster
1720 2478 1782 2513 pbr.
1799 2480 1829 2506 et
1851 2479 1901 2506 cfr.
1918 2488 1947 2506 ιι.

457 2582 481 2615 ⁸)
500 2582 586 2608 Lectio
605 2582 711 2608 incerta.
819 2581 842 2613 b)
862 2582 895 2607 H
892 2591 988 2607 nnnnn
990 2586 1016 2607 ta
1034 2590 1117 2614 cupra
1136 2582 1220 2607 locum
1237 2589 1327 2606 ranam
1345 2580 1451 2612 ecripta.
1556 2578 1579 2610 ⁰)
1599 2578 1721 2611 Sequitur
1739 2578 1811 2603 locus
1828 2586 1906 2604 rasus
1923 2578 2016 2604 minor.

353 2625 379 2659 d)
400 2625 515 2658 Sequens
531 2629 594 2651 nota
612 2626 698 2651 colore
716 2626 795 2651 rubro
814 2626 919 2658 scripta.
1025 2625 1047 2657 θ)
1069 2625 1184 2657 Corri9.:
1201 2625 1304 2649 VaraW.

460 2694 480 2727 ²)
505 2693 616 2720 Ulricus
635 2693 694 2720 111.
714 2696 884 2720 1413—1426.
991 2694 1013 2726 ²)
1032 2692 1135 2719 Alberti
1157 2692 1227 2724 111„
1253 2691 1331 2718 ducis
1353 2690 1494 2722 Amtn'ae,
1517 2689 1565 2723 qui
1583 2697 1608 2716 α.
1623 2691 1692 2716 1385
1714 2687 1857 2715 dimidiam
1879 2690 2017 2715 carratam

353 2735 419 2762 salis
443 2735 563 2762 donavit.
609 2735 689 2763 U.-B.
709 2744 759 2762 von
783 2736 823 2763 St.
837 2736 930 2762 Po'lten
950 2735 990 2767 ΙΙ,
1011 2739 1062 2762 273
1081 2734 1134 2762 Nr.
1150 2738 1201 2761 765.
1314 2734 1336 2766 ³)
1355 2732 1453 2759 Petrus
1477 2732 1633 2767 Freisinqer
1658 2734 1836 2765 1348—1380,
1864 2739 1917 2765 quo
1941 2738 2017 2758 armo

350 2779 543 2812 praepositura
560 2786 586 2805 se
603 2778 747 2812 abdicavit,
776 2780 815 2806 ob.
835 2788 860 2806 a.
879 2782 904 2806 et
922 2778 964 2806 die
982 2779 1091 2806 incerto.
1197 2778 1218 2810 ⁴)
1238 2776 1344 2803 Paulus
1364 2775 1459 2803 Khren
1478 2778 1658 2803 1484—1488.
1763 2776 1785 2809 ⁸)
1803 2774 1938 2802 lohannes
1955 2774 1980 2802 I.
1997 2782 2017 2800 a

355 2821 505 2856 Lanyheim
523 2825 696 2849 1410—1412.
806 2823 826 2854 ⁸)
845 2822 916 2849 Eius
933 2822 963 2848 in
981 2821 1123 2855 diplomate
1139 2829 1165 2848 α.
1179 2823 1246 2847 1482
1263 2819 1363 2846 mentio
1379 2818 1416 2851 fit.
1471 2845 1476 2850 ,
