2150 3178
352 195 415 226 320
493 191 605 220 LIBER
623 191 866 219 OBLATIONUM
888 191 934 218 ET
954 190 1202 231 ANNIVERSQR.
1215 189 1409 218 ECCLESIAE
1428 190 1454 218 S.
1467 189 1651 218 STEPHANI
1668 189 1873 218 VINDOBON.

455 280 568 322 Nota,
593 279 691 322 quod
709 278 739 311 d.
755 278 948 311 Iohannes
964 279 1087 311 dictus
1103 278 1149 310 de
1165 277 1305 321 Praga,
1323 288 1401 310 can.
1417 278 1448 310 h.
1466 288 1506 319 e.,
1526 280 1698 310 mortuus
1713 277 1786 310 fuit
1803 277 1884 310 sine
1901 279 2017 310 testa-

350 336 495 372 mento,
524 332 598 363 nisi
626 331 727 374 quod
755 334 844 362 ante
873 330 967 363 duos
995 341 1113 363 annos
1141 330 1275 362 mortis
1297 341 1363 363 sue
1387 329 1482 362 fecit
1503 330 1599 363 hanc
1623 329 1924 371 ordinacionem,
1954 329 2017 362 ad—

352 384 462 416 duxit
486 383 554 415 d¹¹¹²³
570 383 779 416 Iohannem
803 387 919 425 capum
937 382 1087 425 capelle
1105 382 1243 424 dicte⁵)
1260 407 1368 414 .....
1387 381 1576 424 capellam
1592 383 1665 414 site
1681 381 1728 414 ad
1743 386 1808 414 s¹²¹¹³
1823 381 2017 414 Michahe-

350 436 425 468 lem
450 435 495 467 ad
519 440 651 478 magum
675 434 913 467 Gcrhardum
938 438 976 467 et
1000 438 1087 466 tunc
1111 439 1225 466 canum
1249 434 1280 466 h.
1298 444 1326 466 e.
1352 437 1388 467 et
1411 445 1537 466 coram
1561 433 1696 466 eodem
1720 434 1832 466 dixit:
1858 444 1948 466 ecce
1971 433 2019 466 ad

352 488 477 520 omnia
493 487 592 519 bona
615 497 698 519 mea
722 497 792 529 ego
809 487 971 519 instituo
988 486 1055 518 d¹¹¹³¹
1072 486 1280 519 Iohannem
1297 496 1419 519 meum
1435 496 1564 518 verum
1581 489 1619 518 et
1637 485 1854 529 legitimum
1869 496 2018 518 succes-

352 550 492 582 sorem,
516 543 553 572 et
576 540 645 572 hoc
669 539 867 572 fatebatur
883 549 977 581 mag.
995 538 1216 571 Gerhardus
1232 549 1271 571 se
1287 539 1342 570 sic
1357 538 1512 571 habere.
1551 537 1657 570 Idem
1672 549 1762 571 vero
1779 538 1810 570 d.
1826 538 2019 571 Iohannes

352 593 406 624 sic
430 593 631 625 institutus
654 602 722 634 pro
745 593 891 624 maiore
912 591 1147 623 credulitate
1168 591 1262 623 facti
1283 591 1319 622 in
1335 591 1534 632 presentia
1549 591 1711 633 capituli
1726 590 1910 633 produxit
1925 591 2020 623 duos

352 644 456 686 pbr0·
473 644 660 677 videlicet
684 644 826 676 dictum
842 643 1043 676 Albertum
1065 642 1200 685 plebuun
1223 642 1269 674 ad
1293 647 1355 674 „um
1371 642 1573 675 Nicolaum
1595 642 1696 685 apud
1711 642 1867 675 Portam
1884 642 2019 675 Stuba-

352 707 434 728 rum
459 700 496 729 et
519 697 585 729 d¹¹¹¹²
602 696 812 728 Iohannem
832 700 947 738 cap¹¹¹¹¹
965 695 1011 727 ad
1030 699 1090 727 s·'¹¹
1106 695 1352 736 Trinitatem,
1376 695 1439 737 qui
1455 694 1669 737 predictam
1686 694 1976 728 ordinacionem
1999 706 2020 728 a

353 748 393 780 d⁰
416 748 586 780 Iohanne
616 748 718 780 dicto
750 747 795 779 de
819 747 945 789 Praga
973 747 1027 779 sic
1050 746 1206 786 factam,
1230 757 1269 779 se
1293 746 1555 789 personaliter
1577 747 1801 779 interfuisse
1825 750 1864 780 et
1885 747 1930 785 ab
1954 757 2019 780 ore

354 799 525 832 eiusdem
550 801 736 842 premissa
758 799 876 831 verba
899 798 1118 831 huiusmodi
1139 798 1399 831 ordinacionis
1422 798 1666 840 audivisse⁶);
1689 798 1786 831 hanc
1805 798 2018 832 ordinacio-

351 862 435 883 nem
460 851 490 883 d.
508 852 697 883 Antonius
726 857 814 882 tunc
842 862 945 893 ppos.
970 854 1010 883 et
1037 850 1247 893 capitulum
1274 851 1508 883 unanimiter
1530 854 1722 893 tamquam
1746 854 2019 885 testamentum

352 904 569 946 legitimum
590 903 913 946 approbaverunt.
952 903 1050 935 Acta
1066 906 1153 935 sunt
1167 903 1236 935 hec
1257 913 1285 935 a.
1301 903 1331 934 d.
1352 904 1444 935 1396
1461 903 1496 934 in
1513 902 1649 935 sabato
1669 905 1757 935 ante
1779 905 2018 947 septuagesi-

353 967 446 988 mam
472 956 563 998 (Ian.
582 956 642 997 29)
669 955 762 987 hora
790 965 1036 997 vesperorum
1064 955 1099 987 in
1127 955 1306 987 sacristia
1329 965 1449 997 prope
1472 954 1596 987 altare
1620 954 1648 986 s¹
1667 953 1854 997 Stephani
1876 955 2021 989 ibidem

353 1008 524 1050 capitulo
548 1011 784 1050 congregato
808 1010 987 1049 presente
1012 1007 1052 1039 d⁰
1068 1007 1239 1039 Iohanne
1262 1007 1442 1039 instituto
1467 1010 1505 1039 et
1527 1006 1674 1039 duobus
1695 1006 1794 1049 pbr¹·
1810 1005 2022 1052 predictis]

458 1060 542 1092 Item
563 1059 593 1091 d.
611 1059 730 1092 Petrus
750 1059 790 1092 de
808 1059 911 1100 Mure,
935 1070 1005 1091 can.
1024 1063 1057 1092 et
1079 1062 1202 1100 cantor,
1226 1059 1280 1102 qui
1301 1058 1352 1091 ob.
1373 1059 1464 1100 1435,
1491 1059 1540 1091 13.
1558 1058 1610 1091 die
1627 1058 1740 1091 Marcii
1757 1062 1866 1101 preter
1883 1069 1933 1102 ea,
1957 1069 2020 1103 que

354 1113 476 1145 ibidem
500 1112 626 1154 signata
650 1116 738 1151 sunt,
767 1112 953 1154 specialiter
975 1114 1113 1143 testatus
1137 1114 1187 1144 est
1209 1122 1306 1144 unam
1331 1111 1458 1143 vineam
1480 1110 1588 1143 Rivoli
1611 1111 1707 1143 sitam
1729 1112 1815 1144 circa
1837 1110 2022 1156 Maeurling

355 1164 484 1196 cuidam
508 1174 610 1206 puero
634 1164 764 1196 nomine
788 1163 1002 1205 Chunrad0.0)

1050 1287 1131 1325 IAN
1135 1287 1328 1325 UARIUS.

369 1372 395 1399 2.
472 1371 518 1398 IV.
532 1380 594 1398 nou.
619 1366 764 1410 [Anniv.
782 1367 919 1399 relicte
937 1366 1131 1399 chunradi
1155 1367 1192 1398 in
1215 1366 1298 1399 dem
1314 1366 1563 1410 Rotgesslein
1587 1369 1688 1400 circa
1708 1368 1847 1400 festum
1863 1369 2020 1401 circum-

668 1419 826 1451 cisionis
850 1419 933 1459 (Ian.
954 1418 985 1461 1)
1009 1429 1090 1451 cum
1117 1421 1128 1450 1
1150 1418 1213 1451 tal.
1235 1417 1314 1462 4]‘⁵)

367 1476 394 1504 3.
463 1477 515 1503 ΙΙΙ.
529 1484 590 1502 non.
615 1472 769 1503 Officium
792 1476 821 1502 s⁰
837 1471 1013 1504 Genoveve
1032 1481 1106 1503 cum
1123 1471 1252 1513 organis
1269 1474 1302 1503 et
1316 1471 1417 1503 mind·
1433 1471 1463 1504 d*
1478 1470 1616 1504 Erhardi
1633 1471 1775 1515 Schirl.⁰)
1813 1473 1899 1506 Item
1914 1473 2019 1506 anniv·

668 1523 696 1554 di
713 1522 851 1555 Erhardi
867 1522 971 1555 Schirl
994 1523 1045 1554 hic
1062 1523 1229 1565 peragitur
1240 1523 1266 1565 ι)
1286 1533 1359 1555 cum
1381 1523 1475 1565 pulsu
1490 1523 1616 1565 minori,
1637 1523 1690 1556 ob.
1706 1526 1788 1556 1419
1804 1524 1885 1557 feria
1902 1527 1930 1557 2.
1947 1527 2022 1567 post

668 1576 870 1607 nativitatem
894 1575 924 1607 b.
945 1575 1086 1617 Virginis
1109 1574 1213 1617 (Sept.
1230 1575 1274 1618 9).

367 1632 392 1660 5.
525 1641 591 1660 non.
615 1628 700 1659 Item
724 1627 864 1659 Ioannes
887 1627 1045 1660 Chramer
1068 1638 1120 1659 am
1145 1627 1225 1670 Steg
1249 1627 1349 1660 habet
1370 1627 1415 1659 ibi
1438 1627 1712 1671 fraternitatems)

368 1684 393 1712 8.
465 1684 510 1710 VI.
524 1684 561 1710 id.
614 1679 787 1721 Stranginn
812 1683 931 1712 testata
954 1683 1004 1711 est
1027 1679 1169 1722 capitulo
1195 1681 1278 1711 3241»
1292 1685 1313 1716 ο)
1357 1680 1472 1711 Anniv.
1491 1679 1520 1711 (1ί
1535 1680 1682 1722 Dyterici
1704 1680 1773 1723 pbr¹
1789 1681 1889 1714 debet
1906 1682 2020 1724 peragi

666 1733 750 1764 infra
774 1736 906 1764 octavas
929 1732 1113 1774 epyphanie
1138 1732 1222 1773 (Ian.
1241 1731 1360 1774 7—13)
1384 1742 1457 1764 cum
1485 1735 1523 1763 10
1538 1733 1595 1774 fif)
1606 1732 1634 1775 ²)

354 1788 396 1816 10.
467 1788 512 1815 IV.
526 1788 563 1815 id.
615 1785 654 1816 A.
672 1785 702 1816 d.
721 1788 780 1816 etc.
799 1784 912 1826 (14)99
929 1784 980 1816 ob.
997 1795 1082 1826 mag.
1100 1783 1239 1816 Georius
1259 1794 1341 1825 can.‚
1365 1783 1420 1826 qui
1442 1787 1580 1816 testatus
1603 1787 1652 1816 est
1674 1785 1817 1827 capitulo
1838 1796 1929 1818 suam
1944 1790 2021 1828 pr‘ffl

666 1837 819 1868 vidclicet
842 1839 882 1869 43
900 1841 930 1867 11).
954 1839 987 1868 et
1011 1838 1051 1868 80
1066 1841 1101 1877 13„
1125 1839 1158 1868 et
1181 1835 1280 1868 debet
1297 1836 1411 1878 peragi
1427 1836 1532 1868 anniv.
1552 1837 1614 1878 ipsi
1637 1847 1710 1869 cum
1733 1837 1793 1880 2¹12
1808 1842 1839 1868 <a
1853 1842 1874 1875 ⁶>-
1888 1837 2019 1870 Wienn.

355 1892 398 1919 13.
530 1893 567 1920 id.
620 1888 671 1932 [D.
690 1888 916 1920 Chunradus
939 1888 985 1920 de
1009 1887 1141 1920 Steutz
1164 1898 1241 1920 can.
1259 1886 1367 1931 prun]

356 1945 397 1972 14.
442 1944 516 1971 XIX.
530 1944 586 1971 kal.
616 1941 698 1972 Item
717 1940 815 1972 Iacob
838 1951 900 1972 von
920 1939 1008 1972 Sand
1023 1939 1186 1972 Pernhart
1207 1950 1260 1972 arn
1277 1939 1410 1972 Graben
1433 1941 1486 1972 ein
1505 1941 1616 1982 Jartag
1637 1941 1696 1972 mit
1722 1943 1760 1973 12
1775 1942 1807 1983 β.
1829 1951 1901 1973 cum
1924 1951 2020 1984 pena,

668 1996 702 2024 et
724 1992 846 2025 habent
869 1993 1011 2024 litteram
1036 1993 1179 2034 capituli.

355 2049 398 2077 16.
434 2048 521 2075 XVII.
536 2049 591 2075 kal.
616 2045 701 2076 Item
724 2044 845 2086 Symon
874 2045 914 2077 de
937 2044 1021 2077 Gars
1044 2044 1274 2086 Parchanter‘)
1300 2047 1436 2078 testatus
1464 2047 1514 2077 est
1537 2045 1680 2086 capitulo
1703 2046 1722 2076 2
1741 2049 1771 2076 a
1789 2049 1811 2083 a}
1833 2045 2020 2079 reddituum

669 2107 766 2139 super
789 2097 887 2129 domo
911 2107 968 2128 sua
992 2097 1102 2138 sita⁸);
1126 2107 1185 2128 sua
1207 2096 1322 2128 relicta
1344 2096 1451 2128 adhuc
1474 2096 1643 2139 peragit.³)

357 2153 397 2180 19.
448 2153 521 2180 XIV.
535 2153 592 2180 kal.
616 2148 679 2180 Hic
702 2149 902 2181 moriebatur
925 2149 957 2181 d.
972 2148 1101 2180 Ulricus
1123 2148 1263 2181 Mustrer
1285 2151 1397 2180 cantor
1420 2159 1449 2180 a.
1471 2150 1561 2190 1426,
1586 2151 1723 2181 testatus
1746 2152 1796 2181 est
1818 2160 1878 2192 pro
1901 2150 2021 2183 anniv¹⁰

669 2205 828 2243 perpetuo
853 2212 944 2233 suam
970 2207 1044 2243 pr⁸¹³¹
1068 2201 1288 2233 canonicalem
1312 2211 1384 2232 cum
1408 2203 1501 2242 parte
1528 2200 1699 2233 deservite.
1745 2206 1816 2234 A.d.
1830 2205 1898 2233 1514
1913 2206 2022 2235 ob.illo

670 2252 715 2279 die
735 2253 819 2279 ven¹i⁸
840 2252 888 2284 vir,
909 2253 934 2279 d.
948 2253 1084 2287 Georgius
1103 2252 1198 2287 Hager
1216 2261 1276 2279 can.

355 2300 398 2328 24.
474 2300 519 2326 IX.
534 2300 590 2327 kal.
614 2296 677 2327 Hic
701 2298 808 2338 agitur
831 2297 935 2328 anniv.
953 2295 1196 2338 Kunigundish)
1218 2296 1356 2337 Ianynn,
1383 2295 1469 2327 unde
1493 2294 1670 2337 capitulum
1693 2294 1808 2328 habuit
1834 2298 1874 2328 65
1893 2301 1937 2337 w,
1967 2296 2021 2329 ob.

668 2349 759 2389 quasi
786 2350 878 2387 1412,
902 2359 961 2389 per
983 2353 1098 2390 mag-'¹¹¹¹
1121 2347 1161 2379 N.
1180 2347 1220 2379 de
1244 2347 1542 2389 Dinckelspuechel
1565 2347 1606 2379 ad
1631 2349 1649 2379 3
1667 2352 1696 2379 412

355 2404 398 2432 25.
447 2403 521 2430 V111.
536 2404 592 2430 kal.
615 2400 700 2431 Item
724 2400 830 2431 anniv.
847 2400 1007 2431 Gristanni
1031 2400 1179 2431 Kandler
1201 2400 1260 2431 civ.
1278 2400 1447 2441 peragitur
1468 2399 1514 2430 ibi
1536 2409 1609 2431 cum
1632 2409 1728 2442 pena,
1750 2402 1787 2431 ut
1808 2400 1928 2432 littera.

355 2456 398 2484 28.
488 2456 521 2483 V.
533 2457 591 2483 kal.
618 2452 732 2483 Anniv.
750 2451 904 2493 Seldynn,
929 2462 992 2493 que
1017 2452 1107 2483 dedit
1129 2452 1272 2493 capitulo
1296 2453 1337 2483 40
1354 2456 1385 2482 412
1405 2456 1425 2488 ᾧ.
1450 2453 1542 2491 1414,
1566 2454 1600 2482 et
1621 2451 1722 2483 habet
1743 2451 1896 2484 litteram.

462 2582 485 2614 ⁸)
501 2581 649 2614 Sequuntur
661 2582 729 2607 duae
742 2590 821 2613 voces,
833 2590 899 2614 quae
912 2586 977 2606 certe
996 2581 1045 2614 leyi
1056 2586 1190 2613 nequeunt.
1263 2581 1288 2613 b)
1302 2581 1483 2614 Supplendum
1494 2581 1607 2607 videtur:
1620 2582 1719 2608 Testati
1731 2586 1800 2608 sunt.
1871 2582 1895 2614 θ)
1907 2582 2020 2615 Reliqua

357 2626 434 2651 huius
452 2629 528 2651 notae
545 2634 609 2658 pars
628 2626 784 2651 conditiones
801 2626 973 2650 hereditarias
986 2626 1102 2650 continet.
1186 2623 1211 2657 d)
1231 2625 1265 2649 Ιη
1277 2625 1394 2658 margine
1401 2625 1555 2657 posterioris
1567 2625 1687 2658 temporis
1697 2634 1792 2651 manus
1803 2629 1888 2651 notat:
1904 2626 2022 2659 Wirsing

358 2669 461 2694 Ulrieus
483 2669 598 2701 porrigit.
704 2668 727 2701 ο)
747 2669 781 2694 In
805 2669 921 2702 margine
946 2669 1066 2700 temporie
1090 2668 1261 2700 eubsequentis
1284 2677 1377 2694 manua
1400 2673 1487 2694 notat.-
1513 2668 1606 2694 Schirl.
1709 2667 1730 2700 1)
1749 2668 1913 2694 Armotatur:
1936 2673 2022 2696 vacat.

358 2711 384 2744 Β)
405 2711 448 2737 Sic
467 2712 523 2737 cod.
630 2711 655 2743 11)
675 2712 775 2737 Nomen
793 2721 871 2745 super
890 2712 960 2737 linea
977 2712 1129 2744 supplemm.

466 2793 485 2824 ¹)
504 2792 548 2818 Pr.
562 2791 617 2819 fuit
635 2792 669 2819 64
681 2794 711 2819 11).
727 2793 747 2825 o).
844 2794 865 2826 ²)
885 2792 1017 2819 Testatus
1036 2794 1079 2819 est
1098 2792 1224 2826 capitulo
1243 2793 1277 2819 10
1289 2793 1319 2819 a.
1335 2793 1356 2825 ο).
1452 2792 1473 2825 ⁸)
1492 2792 1597 2819 Eadem
1614 2792 1717 2820 relicta
1728 2792 1848 2820 redemit
1861 2795 1925 2820 cum·
1936 2792 1971 2820 32
1982 2794 2023 2826 w,

361 2843 432 2868 quas
450 2835 560 2869 recepit
579 2835 736 2869 capitulum
756 2836 791 2862 ad
812 2845 875 2863 usus
894 2844 958 2862 suos
976 2844 1002 2862 a.
1014 2837 1067 2862 etc.
1081 2836 1171 2868 (14)25
1191 2835 1236 2863 die
1255 2835 1347 2862 Alexii
1367 2834 1529 2863 confessoris
1548 2835 1613 2869 (Iuli
1631 2836 1683 2870 17).
