2150 3178
519 729 939 788 INDIGUM
984 727 1499 787 PRAEFATIO.

275 871 440 917 Materia
465 886 592 920 cuncta,
621 893 702 922 quae
729 882 765 914 in
790 882 910 914 indices
937 881 1106 922 diqerenda
1128 883 1208 919 erat,
1239 881 1403 921 trifariam
1426 882 1528 913 divisa
1552 884 1611 920 est,
1642 882 1690 914 ita
1712 885 1750 914 ut
1771 882 1852 914 alter

173 935 216 967 sit
238 935 335 967 index*
350 944 562 975 personarum
585 937 614 966 et
636 934 781 973 locorum,
804 933 885 965 alter
906 933 1070 965 nominum
1091 933 1261 971 rariorum,
1286 933 1398 964 tertius
1420 944 1527 965 rerum
1551 936 1580 964 et
1600 933 1784 974 qlossarum.

998 1037 1025 1067 Ι.

275 1098 552 1130 Monumentorum
574 1096 834 1137 neeroloqicorum
855 1096 946 1136 copia
969 1107 1039 1128 cum
1061 1096 1136 1128 haec
1158 1096 1252 1128 editio
1275 1097 1317 1128 sit
1337 1097 1428 1129 valde
1443 1097 1612 1129 abundans
1631 1099 1661 1129 et
1675 1097 1854 1129 nominibus

171 1149 392 1188 refertissima,
424 1149 458 1180 in
483 1148 539 1180 hoc
566 1148 669 1180 indice
694 1148 826 1180 nomina
848 1150 972 1180 tantum
994 1147 1144 1186 locorum,
1172 1148 1313 1188 qentium
1335 1148 1501 1187 nobilium,
1532 1149 1646 1180 civium
1668 1148 1852 1188 illustrium,

167 1201 370 1241 pontificum,
397 1201 546 1232 abbatum
567 1200 614 1232 vel
630 1200 894 1240 praepositorum,
922 1199 1272 1242 archipresbyterorum,
1295 1201 1605 1239 archidiaconorum,
1630 1201 1853 1233 canonicorum

172 1252 373 1285 ecclesiarum
400 1251 637 1292 episcopalium,
667 1251 870 1289 decanorum,
896 1251 1058 1291 priorum,
1088 1250 1321 1290 celerariorum,
1352 1252 1531 1290 custodum,
1563 1252 1720 1292 hospitum
1747 1255 1776 1284 et
1802 1253 1852 1284 in-

172 1305 338 1344 firmorum
359 1304 589 1345 maqistrorum,
617 1303 872 1335 scholasticorum
894 1303 1098 1340 cenobiorum,
1126 1302 1366 1342 abbatissarum,
1391 1304 1618 1344 maqistrarum
1641 1303 1853 1336 claustrorum

173 1356 381 1394 monialium,
399 1355 569 1394 doctorum,
591 1354 816 1394 professorum,
844 1355 1075 1395 maqistrorum,
1098 1354 1339 1393 licentiatorum,
1364 1355 1677 1387 baccalaureatorum
1699 1356 1853 1388 universi-

174 1410 276 1439 tatum
298 1407 399 1448 seleqi.

280 1459 370 1500 Quod
391 1459 483 1491 uncis
503 1458 673 1499 quadratis
695 1457 852 1490 inclusum
875 1461 933 1490 aut
955 1457 1069 1490 litteris
1091 1457 1223 1498 obliquis
1238 1458 1424 1499 insiynitum
1448 1462 1501 1497 est,
1525 1470 1546 1490 a
1562 1460 1739 1501 memetipso
1761 1460 1853 1492 addi-

174 1513 242 1543 tum
268 1514 322 1542 est.
374 1511 454 1543 Item
475 1511 638 1542 nominum
659 1511 779 1549 formae
801 1512 937 1542 recentes
959 1509 1073 1541 litteris
1095 1509 1229 1550 obliquis
1251 1510 1419 1542 distinctae
1446 1514 1527 1542 sunt.
1574 1511 1754 1551 Diqnitatis
1780 1522 1852 1544 con-

175 1563 366 1603 ditionisque
385 1573 593 1603 personarum
615 1562 792 1594 notationes
814 1562 929 1593 litteris
951 1561 1049 1593 latius
1068 1561 1230 1601 dispositis
1245 1562 1362 1602 inteqre
1379 1562 1538 1602 impressis
1553 1563 1695 1595 discrevi.
1741 1563 1853 1604 Reqio-

173 1624 251 1646 num
273 1615 404 1646 nomina
426 1614 636 1654 compendiose
658 1614 888 1654 imprimuntur
909 1624 933 1645 e.
947 1624 976 1654 q.
994 1607 1091 1645 N-O.
1108 1629 1148 1639 =
1165 1613 1305 1644 Austria
1326 1613 1467 1653 Inferior
1483 1613 1852 1656 (Nieder—Oesterreich),

177 1661 267 1698 O.-O.
288 1682 324 1693 =
345 1666 483 1698 Austria
505 1666 659 1706 Superior
681 1664 1008 1706 (Ober-Oesterreich),
1031 1664 1171 1697 Steierm.
1194 1681 1234 1691 =
1257 1665 1460 1698 Steiermark.
1506 1666 1662 1697 Locorum
1680 1675 1854 1707 parvorum

173 1717 362 1756 nominibus,
383 1720 420 1749 ut
434 1728 541 1750 eorum
555 1718 639 1749 situs
653 1716 762 1748 melius
770 1717 995 1756 perspiciatur,
1013 1715 1072 1747 loci
1086 1716 1218 1748 maioris
1226 1717 1370 1756 proximi
1385 1727 1496 1749 nomen
1512 1717 1656 1749 addendo
1672 1718 1853 1757 descriptio-

176 1780 246 1801 nem
269 1769 416 1801 adiunoei.

275 1821 417 1853 Nomina
438 1831 460 1852 a
478 1821 510 1853 P
530 1824 559 1853 et
582 1821 613 1853 T
631 1821 819 1860 incipientia
841 1819 899 1851 sub
914 1819 948 1851 B
963 1822 992 1851 et
1006 1819 1040 1851 D
1062 1830 1207 1869 quaeras,
1230 1831 1251 1851 a
1278 1819 1306 1852 0
1321 1822 1351 1851 et
1375 1820 1403 1851 V
1422 1820 1618 1860 incipientia,
1642 1821 1726 1852 sicut
1748 1831 1854 1853 eorum

174 1883 271 1905 soniis
293 1872 409 1912 differt,
432 1874 515 1904 inter
537 1873 576 1904 K
594 1875 623 1904 et
644 1872 681 1911 Z,
703 1871 739 1903 F
752 1874 781 1903 et
802 1871 959 1911 Wposita
981 1874 1064 1903 sunt.
1109 1866 1151 1913 Α,
1175 1872 1204 1910 z‘i,
1227 1867 1253 1910 ὅ,
1277 1872 1309 1909 ἃ,
1330 1882 1352 1912 y
1373 1872 1431 1903 sub
1453 1883 1498 1910 ae,
1522 1882 1569 1910 ue,
1592 1882 1642 1910 uo,
1666 1872 1679 1903 i
1701 1875 1730 1904 et
1753 1873 1799 1911 ck,
1825 1875 1854 1904 te

172 1924 230 1956 sub
253 1924 273 1956 k
299 1927 328 1956 et
354 1935 371 1957 z
392 1935 538 1965 quaeras.
593 1923 672 1956 Cum
700 1925 720 1954 6
745 1923 942 1955 saeculorum
968 1926 1169 1955 monumenta
1195 1923 1387 1963 necroloqica
1416 1924 1452 1955 in
1479 1926 1620 1955 nostram
1648 1923 1761 1955 collata
1788 1924 1854 1956 sint

173 1976 352 2015 editionem,
383 1976 452 2008 ideo
480 1976 643 2007 nominum
671 1975 791 2015 formas
820 1984 915 2014 quam
944 1975 1079 2006 mamime
1110 1974 1239 2014 differre
1269 1977 1407 2014 oportere
1435 1985 1524 2007 nemo
1554 1975 1660 2006 nescit.
1713 1974 1855 2007 Litteras

171 2028 314 2069 qeminas
335 2038 399 2060 non
421 2028 539 2066 curavi,
562 2027 608 2059 ita
631 2029 668 2058 ut
690 2026 813 2058 litterae
832 2027 974 2067 qeminae
995 2026 1078 2058 inter
1095 2026 1275 2058 litterarum
1291 2027 1483 2067 simplicium
1501 2027 1641 2058 ordinem
1657 2027 1854 2067 rediqantur,

174 2090 198 2111 e.
213 2090 242 2120 q.
258 2080 358 2111 Anna
380 2079 545 2111 Andream
560 2078 740 2118 praecedit,·
761 2077 782 2109 h
805 2080 925 2110 mutam
948 2078 1074 2110 omnino
1095 2077 1226 2118 neqleoei.

277 2132 418 2163 Litterae
443 2131 461 2163 b
488 2133 517 2163 et
542 2141 571 2163 w
593 2141 663 2162 cum
685 2130 785 2162 medio
807 2140 881 2162 aevo
903 2132 1035 2162 exeunte
1056 2130 1185 2169 saepius
1201 2130 1381 2170 promiscue
1403 2130 1585 2161 scribantur
1607 2140 1629 2161 e.
1644 2140 1672 2170 q.
1694 2129 1854 2162 Warbara

169 2194 231 2224 pro
253 2183 418 2222 Bwrbara,
449 2183 604 2224 Bilbirqis
619 2194 682 2223 pro
705 2183 880 2224 Wiffiirqis,
910 2182 1107 2224 Bolfyanqus
1122 2193 1184 2223 pro
1205 2183 1428 2225 Wolfqanqus,
1462 2183 1616 2215 eiusmodi
1637 2184 1777 2221 nomina,
1800 2183 1855 2214 ubi

175 2235 339 2267 emendata
361 2235 510 2275 ponenda
537 2238 624 2274 sunt,
653 2235 891 2275 imprimuntur.
947 2235 1025 2267 Cum
1051 2234 1178 2275 aliquae
1202 2234 1328 2277 formae
1355 2246 1380 2267 e.
1394 2246 1422 2275 q.
1441 2234 1652 2266 Bernhardus
1674 2234 1721 2266 vel
1743 2234 1853 2267 Wern-

175 2287 309 2325 hardus,
338 2286 524 2319 Bernherus
552 2289 609 2318 aut
634 2286 838 2325 Wernherus,
868 2296 1025 2326 quaenam
1051 2287 1196 2318 rectiores
1222 2287 1300 2325 sint,
1333 2286 1504 2327 difficulter
1526 2286 1703 2318 diiudicari
1719 2287 1853 2326 possint,

176 2341 312 2379 utraque
334 2339 438 2386 forma
454 2339 654 2379 producitur.

988 2390 1040 2422 II.

279 2451 387 2482 Indici
407 2450 570 2482 nominum
593 2451 622 2482 et
643 2449 779 2482 locorum
801 2449 881 2482 alter
902 2450 1064 2482 nominum
1086 2450 1247 2482 rariorum
1263 2450 1360 2481 indeo:
1376 2450 1566 2488 annectitur,
1590 2450 1625 2481 in
1647 2459 1708 2490 quo
1722 2450 1854 2481 nomina

175 2502 285 2534 rarius
314 2501 361 2534 vel
387 2501 550 2533 rarissime
578 2501 614 2533 in
641 2502 850 2533 monumentis
877 2501 1077 2541 necroloqicis
1102 2501 1300 2533 occurrentia
1328 2501 1434 2533 ordini
1462 2501 1660 2532 inseruntur.
1712 2500 1776 2531 Sed
1803 2500 1854 2532 hic

176 2554 340 2586 nominum
364 2553 474 2595 forma
502 2563 641 2593 quaeque
667 2553 813 2593 specialis
841 2563 899 2585 suo
921 2553 1113 2593 producitur
1143 2552 1218 2592 loco,
1250 2555 1286 2584 ut
1315 2563 1420 2584 eorum
1447 2552 1604 2584 scribendi
1631 2551 1714 2583 ratio
1741 2552 1854 2583 melius

179 2605 408 2645 manifestetur.

979 2657 1050 2689 ΙΙΙ.

281 2717 325 2749 In
352 2717 456 2749 indice
481 2727 588 2749 rerum
613 2719 642 2749 et
661 2717 836 2758 ylossarum
859 2717 1055 2756 donationes,
1086 2716 1335 2753 distributiones,
1367 2715 1455 2753 iura,
1473 2715 1625 2755 praedia,
1655 2725 1854 2747 nummorum

175 2778 298 2810 =qenera,
318 2769 437 2809 officia,
461 2768 556 2807 tituli,
573 2778 727 2808 proceres,
751 2767 834 2806 laici,
857 2768 1003 2807 doctores,
1019 2768 1224 2808 professores,
1246 2767 1400 2807 magistri,
1424 2766 1587 2805 licentiati,
1611 2765 1852 2805 baccalaureati,

177 2820 324 2860 artifices,
346 2820 479 2861 opifices,
502 2820 664 2861 officiales,
687 2820 803 2860 famuli
825 2823 854 2852 et
876 2822 999 2852 caetera
1020 2820 1056 2852 in
1079 2819 1218 2852 ordinem
1239 2818 1436 2858 rediquntur.

281 2879 366 2906 Neon.
379 2879 484 2908 PAuv.
1615 2878 1647 2904 76
