2150 3178
349 190 412 221 282
513 186 685 214 Anninus
703 185 858 214 necnon.
870 185 1052 214 ramnum
1070 185 1248 214 ramosum
1266 186 1316 215 An
1333 186 1360 215 s.
1373 187 1628 217 nmaonruuu
1646 187 1852 218 vmnoson.

348 274 486 310 regularis
504 273 541 301 ad
559 273 615 300 8⁸¹2
634 273 804 301 Dorotheum
819 272 950 306 Viennae,
968 272 1002 300 fr.
1013 273 1149 308 Georgius
1167 273 1202 301 de
1221 274 1382 302 Amstetten
1400 283 1456 303 sac.
1469 274 1499 302 in
1517 275 1628 308 Graets,
1645 275 1678 303 i'r.
1691 274 1814 304 nauem
1831 276 1866 305 de
1882 276 2015 305 §lavania

348 326 404 345 sac.
418 317 527 344 Vienne
545 325 638 349 senex,
663 317 696 344 fr.
709 316 850 344 Antonius
867 316 903 344 de
920 315 1035 351 Septem
1053 316 1160 345 Castris
1178 317 1204 349 1..
1231 317 1322 345 fidelis
1341 317 1491 351 laborator.
1509 317 1646 351 Viennae,
1670 318 1704 346 fi·-
1716 318 1853 355 Georgius
1870 319 1970 348 suom
1987 319 2014 354 l.,

348 361 438 389 socius
456 361 597 395 qnondam
615 360 644 388 b.
656 361 696 395 pi·
708 361 736 388 n¹
748 360 795 388 fri·
809 359 921 388 Ioannis
939 359 974 388 de
985 359 1160 395 Cepisti-ano,
1178 361 1216 388 ab
1235 360 1318 388 initio
1335 360 1506 396 provinciae,
1523 361 1589 389 dum
1607 361 1711 396 potuit,
1728 362 1821 391 multa
1831 363 1908 398 apud
1920 363 2015 392 sedem

347 404 533 440 apostolicam
559 403 684 431 obtinuit
710 412 760 439 pro
786 403 881 438 quiete
907 403 1029 431 locorum
1056 403 1231 438 provinciae,
1258 403 1380 432 feliciter
1404 403 1433 431 in
1458 405 1603 433 senectute
1627 404 1799 433 obdormivit
1821 406 1848 433 8¹
1868 405 2015 442 Ypolytbi.

348 448 474 476 Summa:
495 448 535 475 12.
2043 458 2055 476 ⁵

451 495 483 523 A.
502 495 527 522 d.
548 495 627 523 1495:
653 495 686 521 fr.
701 494 847 529 seyfridus
870 503 939 526 sac„
966 494 1009 522 vir
1031 494 1129 529 utique
1152 495 1282 527 devotus,
1307 495 1468 530 frequenter
1490 495 1696 531 guardfisnm,
1721 495 1751 523 in
1773 495 1849 524 bona
1870 498 2015 526 senectute

347 538 467 567 decessit
485 538 624 571 Viennae,
650 538 684 566 fr.
700 538 769 566 Otto
792 537 828 566 de
846 537 960 565 Prussia
982 538 1046 566 cler.
1059 537 1160 573 Viene,
1185 539 1218 566 fr.
1230 538 1390 573 Leopoldue
1413 539 1448 566 de
1465 538 1665 567 Francknweit
1682 538 1836 576 Lviennq,
1860 539 1894 568 fr.
1906 540 1964 568 Leo
1981 540 2016 568 de

349 582 467 618 Leiptzk
485 591 540 610 sac.
555 581 800 617 ludenburgensis,
819 582 852 609 fr.
867 581 999 609 Albertus
1017 581 1051 609 de
1065 581 1242 610 Kreutznach
1261 589 1315 609 sac.
1327 581 1436 614 Vienn.‚
1454 582 1487 609 fr.
1499 581 1648 610 Udalricns
1659 582 1798 615 Scharrer.
1817 591 1892 620 mag.
1904 583 2016 617 artium,

348 626 489 660 Viennae,
512 626 544 652 fr.
558 625 684 661 Maesone
703 625 731 657 1.,
757 625 925 653 hortulanus
943 625 972 652 in
989 624 1151 660 Velsperig,
1176 626 1209 653 fr.
1222 624 1328 660 Caspar
1345 625 1380 653 de
1399 624 1580 658 Schlavonia,
1606 625 1767 660 predicator
1784 625 1814 653 in
1832 625 1957 661 Labaco,
1981 626 2015 654 fr.

350 669 497 705 Longinus
515 669 551 696 de
564 668 686 697 Pozonio
704 668 849 704 LVienne,
868 668 901 696 fr.
915 668 1063 696 Udalricus
1081 668 1115 696 de
1127 669 1246 696 Monaco
1264 668 1402 703 LVienn..
1421 669 1453 696 fr.
1470 669 1579 696 Marcus
1597 669 1632 697 de
1644 669 1771 697 Schlesia
1789 669 1817 701 1..
1836 669 1880 697 vir
1896 678 2016 706 magnae
2033 676 2058 697 ιο

350 712 508 741 devotionis
527 714 556 740 et
575 713 682 740 zelator
700 711 887 747 paupertatis,
906 711 1003 739 multis
1021 711 1103 739 annis
1121 719 1203 740 cocus
1216 711 1332 748 Vienne.
1351 711 1560 740 analthasar
1572 712 1606 739 de
1618 711 1803 746 Warthoffen,
1822 713 2017 748 guar(dian)us

348 755 453 784 ibidem
471 757 502 783 et
520 755 591 783 alibi
610 755 724 791 pluries,
742 755 873 783 nov¹<>¹um
890 763 964 790 mag.
978 755 1066 782 bonus
1085 757 1114 782 et
1132 755 1258 788 devotus,
1275 755 1304 782 in
1317 755 1404 788 Lem,
1422 755 1456 783 fr.
1469 755 1563 783 Simon
1582 755 1616 783 de
1629 755 1748 783 Prawna
1764 764 1820 784 sac.
1833 755 1863 783 in
1877 756 1964 791 Leve,
1982 757 2016 784 fr.

347 799 525 828 Panthaleon
542 800 561 827 l.
575 799 605 827 in
617 798 791 834 Noviburgo,
810 799 843 826 fr.
857 798 978 826 Basilius
990 798 1025 826 de
1038 798 1221 826 Entzerstorff
1229 799 1294 827 cler.
1307 798 1496 834 Radegundis,
1514 798 1548 826 fr.
1561 798 1755 834 Sigismundus
1772 799 1807 826 de
1820 799 1940 828 Prawna
1951 801 2016 829 cler.

348 843 539 878 Radegundis,
563 843 596 870 fr.
610 841 779 870 Benedictus
797 841 832 869 de
852 842 1030 870 Lantzhueta
1048 842 1113 870 cler.
1126 841 1262 875 Viennae,
1283 842 1316 869 fr.
1330 841 1467 870 Eusebius
1485 842 1503 869 l.
1516 844 1680 877 procurator
1698 842 1872 880 Noviburgo⁷
1890 843 1924 871 fr.
1938 844 2016 872 Arse-

348 887 410 914 nius
433 887 467 914 de
487 886 596 914 Vienna
618 894 696 919 nov.,
722 885 902 921 Noviburgo,
926 885 958 912 fr.
971 885 1055 913 Vitus
1078 885 1112 912 de
1131 886 1260 921 Augusta
1277 885 1296 913 1.
1315 885 1346 912 in
1363 885 1547 918 Entzerstorf‚
1572 886 1605 914 fr.
1618 885 1758 914 Osbaldns
1780 887 1815 914 de
1834 886 1942 915 Pulolm
1959 895 2015 916 sae.
2034 895 2058 916 ιι

347 930 526 965 Noviburgo,
551 930 585 957 fr.
599 929 721 957 Michael
741 929 776 957 de
795 929 912 957 Monaco
931 937 1000 962 sac„
1026 928 1187 964 predicator
1205 928 1233 956 in
1251 929 1362 960 eodem,
1380 929 1413 956 fr.
1426 928 1592 957 Colomanus
1610 929 1645 957 de
1663 929 1838 958 Gainostorff
1851 930 1917 958 cler.
1929 929 2016 958 Novi—
2034 927 2042 934 ⁰

348 974 461 1009 burgio,
486 973 519 1000 fr.
533 973 691 1000 Bernardus
708 972 743 1000 de
762 972 862 1007 nyma
879 981 937 1001 sac.
953 972 981 999 in
1002 972 1095 1005 Leve,
1119 972 1152 1000 fr.
1165 972 1340 1008 Augustinus
1357 973 1392 1000 de
1410 972 1604 1000 Hausleuthen
1622 973 1641 1000 l.
1653 972 1770 1010 Vienne,
1794 973 1828 1001 fr.
1841 973 1963 1002 Thomas
1981 973 2016 1002 de

349 1017 505 1045 Freinstatt
523 1017 550 1048 1..
571 1015 619 1044 isti
639 1016 693 1044 duo
706 1015 824 1051 Vienne,
842 1015 876 1043 fr.
890 1015 1021 1051 'Phadeus
1039 1015 1074 1044 de
1092 1015 1260 1051 Saltzburga
1278 1015 1297 1043 l.
1311 1015 1340 1043 in
1353 1015 1528 1052 Velsper32),
1547 1016 1579 1043 fr.
1593 1016 1731 1052 Virgilius
1749 1017 1784 1044 de
1802 1016 1923 1045 Patavia
1941 1016 2013 1050 cler.²

347 1060 380 1087 fr.
394 1060 517 1087 Francus
536 1059 570 1087 de
590 1059 699 1087 Vienna
717 1067 780 1086 nov.
797 1059 876 1092 cler„
899 1058 948 1086 isti
967 1059 1022 1086 duo
1041 1058 1070 1086 in
1088 1058 1276 1094 Noviburgio,
1302 1059 1335 1087 fr.
1348 1058 1508 1087 Felicianus
1526 1059 1561 1088 de
1580 1059 1660 1088 Lintz
1678 1068 1742 1088 nov.
1759 1060 1824 1088 cler.
1841 1059 1959 1094 ibidem,
1981 1059 2015 1088 fr.

349 1103 498 1131 Udalricus
517 1104 551 1131 de
567 1103 659 1131 Sitich
678 1111 742 1130 nov.
756 1103 831 1135 cler..
850 1103 884 1131 fr.
898 1103 1016 1130 Ioannes
1035 1103 1069 1130 de
1083 1103 1240 1138 Bamberga
1258 1111 1314 1131 sac.
1326 1102 1354 1130 in
1373 1103 1406 1130 80
1418 1103 1571 1138 Hypolyto,
1590 1103 1623 1130 fr.
1635 1102 1802 1131 Laurentius
1819 1103 1854 1131 de
1866 1103 2015 1131 sculknn
2034 1111 2061 1132 so

347 1147 421 1179 cler„
441 1147 473 1174 fr.
487 1147 614 1174 Ruffinus
628 1147 644 1174 1.
659 1155 742 1174 cocus
755 1146 784 1173 in
798 1146 958 1182 Egnburga,
977 1147 1011 1175 fr.
1023 1146 1127 1174 Paulus
1140 1146 1175 1175 de
1186 1146 1382 1182 Wasserburg,
1399 1155 1455 1174 sac.
1468 1148 1498 1175 et
1509 1146 1677 1182 predicator,
1689 1146 1866 1183 Egnburgaa
1883 1147 1917 1175 fr.
1927 1146 2016 1175 nudo-

347 1191 425 1218 vicus
448 1191 483 1218 de
503 1190 690 1219 Scraetentall
714 1199 778 1218 nov.
797 1190 862 1218 cler.
880 1190 1044 1226 Egnburge,
1068 1190 1102 1218 fr.
1115 1190 1230 1218 Alexius
1252 1199 1314 1218 nov.
1332 1190 1397 1218 cler.
1411 1189 1532 1222 Vienne,
1557 1190 1589 1217 fr.
1602 1189 1724 1218 Michael
1747 1189 1782 1218 de
1800 1189 1932 1218 Corniola
1949 1190 2016 1219 cler.

348 1234 464 1266 Vienne,
483 1234 516 1261 fr.
528 1233 690 1261 Dominicus
708 1233 726 1261 1.
740 1235 769 1261 et
789 1242 871 1261 cocus
892 1233 1080 1270 Radegundis,
1099 1234 1132 1261 fr.
1146 1233 1283 1261 Martinus
1301 1233 1336 1261 de
1349 1233 1486 1261 Sevelden
1505 1242 1560 1261 sac.
1573 1232 1602 1261 in
1618 1232 1760 1267 Paradiso,
1778 1233 1811 1261 fr.
1825 1233 1963 1262 Martinus
1980 1233 2016 1262 de

347 1277 460 1305 Prussia
483 1285 539 1304 sac.
558 1276 586 1303 in
607 1277 752 1309 Par-adino,
781 1277 813 1304 fr.
827 1276 958 1304 Urbanus
980 1276 1014 1304 de
1034 1276 1144 1304 Vienna
1167 1276 1232 1304 cler.
1251 1275 1279 1303 in
1299 1275 1443 1309 Paradiso,
1469 1276 1502 1304 fr.
1516 1275 1646 1304 Erasmus
1667 1276 1703 1304 de
1720 1276 1804 1312 Styra
1822 1277 1888 1305 cler.
1905 1285 1970 1306 nov.
1986 1276 2016 1305 in

348 1320 491 1351 Paradiso,
518 1321 550 1347 fr.
564 1320 730 1348 Vincentius
749 1320 783 1348 de
803 1320 976 1348 Velknmark
995 1320 1060 1348 cler.
1073 1329 1136 1348 nov.
1149 1320 1178 1347 in
1196 1319 1339 1352 Paradiso,
1361 1319 1394 1347 fr.
1408 1319 1530 1348 Thomas
1549 1319 1583 1348 de
1600 1319 1761 1357 Egnburga‚
1786 1319 1834 1355 qui
1853 1320 1883 1348 in
1901 1319 2014 1349 nivibus
2033 1327 2059 1348 25

347 1365 464 1391 obrutus
485 1363 541 1395 ob.,
565 1364 582 1390 l.
605 1363 633 1390 in
653 1363 798 1396 Paradiso,
821 1364 855 1392 fr.
869 1364 987 1391 Ioannes
1010 1363 1044 1391 de
1063 1363 1144 1391 Stain
1163 1363 1228 1391 cler.
1247 1362 1277 1390 in
1295 1362 1490 1395 Entserstorff,
1512 1363 1545 1391 fr.
1558 1363 1708 1391 Faustinus
1730 1363 1764 1391 de
1781 1363 1945 1392 Suerndorff
1958 1371 2014 1392 sae.

347 1407 377 1435 in
389 1407 536 1442 Velsperg,
555 1408 588 1435 fr.
602 1407 768 1436 Anastasius
786 1408 820 1435 de
840 1407 1018 1443 Kuerchslag
1035 1407 1054 1435 1.
1067 1407 1095 1434 in
1114 1407 1203 1440 Lews,
1222 1406 1254 1434 fr.
1267 1407 1386 1434 Iacobus
1403 1406 1438 1434 de
1456 1406 1549 1434 Tulna
1566 1406 1585 1434 1.
1598 1406 1627 1434 in
1646 1406 1734 1435 Leve.
1769 1406 1896 1434 Summa:
1915 1407 1958 1435 49.

449 1455 481 1482 A.
495 1455 520 1482 d.
536 1455 616 1482 1496:
643 1455 675 1482 fr.
689 1455 815 1491 Angelus
838 1455 872 1483 de
890 1454 1075 1483 Schoenstain
1098 1462 1153 1482 sac.
1170 1455 1200 1482 in
1214 1454 1403 1486 Entzerstorff,
1428 1453 1461 1481 fr.
1475 1453 1608 1489 Hylarius
1626 1463 1682 1482 sae.
1699 1456 1766 1482 ante
1785 1454 1943 1482 celebratas
1959 1454 2016 1490 pri-

346 1498 442 1526 mitias
461 1499 506 1527 ob.
519 1499 548 1526 in
567 1498 751 1535 Noviburgio,
773 1499 806 1526 fr.
821 1499 985 1527 Franciscus
1004 1507 1068 1531 sac„
1091 1507 1158 1533 sepe
1176 1497 1356 1534 guardianus.
1374 1507 1447 1534 mag.
1461 1496 1591 1524 noviom
1610 1499 1639 1526 et
1657 1497 1826 1533 exemplaris
1844 1497 1912 1534 vite,
1930 1497 2016 1525 Novi-

346 1542 455 1578 burgio,
479 1543 511 1570 fr.
526 1543 654 1570 Erasmus
674 1543 708 1570 de
726 1542 842 1570 Austris,
859 1551 915 1570 sac.
929 1542 958 1569 in
978 1542 1097 1574 Labaco,
1122 1542 1156 1570 fr.
1170 1541 1326 1569 Alexander
1343 1541 1378 1569 de
1397 1540 1516 1581 Pozonio
1535 1549 1598 1573 sac„
1622 1550 1696 1577 mag.
1709 1541 1813 1569 artium
1832 1540 2014 1575 Coloniensis‚
2034 1549 2061 1570 ιο

347 1586 456 1613 duabus
481 1586 592 1613 vicibus
610 1586 666 1613 fuit
686 1586 738 1613 vic.
755 1586 932 1621 provinciae,
957 1585 1118 1620 predicator
1137 1585 1227 1612 dulcis
1245 1588 1274 1613 et
1292 1585 1422 1618 devotus,
1446 1584 1541 1620 sepius
1559 1585 1743 1620 gum-dianus,
1767 1584 1858 1612 lector
1874 1584 2015 1619 iuvenum,

347 1630 467 1656 multum
481 1629 603 1657 fideliter
615 1629 757 1657 laboravit
770 1638 820 1664 pro
833 1629 990 1664 provincia,
1010 1628 1053 1656 vir
1065 1636 1166 1664 magne
1179 1627 1336 1656 devotionis
1349 1630 1378 1656 et
1389 1628 1558 1664 exemplaris
1571 1627 1655 1661 vitae,
1668 1628 1698 1655 in
1708 1627 1827 1660 Labaco,
1839 1627 1978 1656 fr.Gallns
1987 1628 2016 1661 1..

347 1673 396 1706 qui
412 1673 457 1700 ob.
470 1673 498 1699 in
513 1673 667 1708 Marpurga
680 1675 806 1708 tempore
821 1672 1033 1705 vindemiarum,
1053 1672 1081 1699 in
1096 1672 1264 1704 Lancowitz,
1283 1672 1315 1699 fr.
1329 1671 1488 1706 Stephanus
1502 1672 1536 1700 de
1549 1671 1660 1699 Vienna
1671 1671 1690 1699 l.
1700 1670 1815 1703 Vienne,
1833 1671 1867 1699 fr.
1877 1670 2014 1707 Georgius

347 1716 381 1743 de
400 1716 563 1744 Muelldorff
579 1717 644 1743 cler.
657 1725 719 1744 nov.
733 1716 869 1744 Viennae.
906 1716 1030 1743 Summa:
1051 1716 1075 1743 8.

450 1764 483 1791 A.
497 1764 522 1791 d.
536 1765 616 1792 1497:
644 1765 676 1791 fr.
693 1764 841 1791 Severinus
865 1764 900 1791 de
918 1763 996 1790 Wels
1019 1763 1084 1791 cler.
1102 1763 1131 1790 in
1151 1762 1274 1798 Puping,
1299 1763 1331 1789 fr.
1344 1762 1532 1790 Bernardinus
1555 1762 1590 1789 de
1614 1761 1734 1789 Batavis.
1758 1761 1823 1789 cler.
1837 1761 1956 1798 Viennq,
1979 1761 2014 1790 ft.
2033 1770 2058 1790 ss

348 1808 448 1842 loseph
468 1808 502 1834 de
520 1807 614 1834 Anaso
634 1807 700 1835 cler.
713 1815 784 1839 nov„
803 1807 836 1834 fr.
850 1807 961 1834 Marcus
980 1807 1014 1834 de
1028 1805 1136 1834 Vienna
1155 1814 1210 1833 sac.
1225 1805 1253 1832 in
1266 1805 1300 1832 S⁰
1313 1805 1439 1840 Ypolito,
1458 1806 1491 1832 fr.
1501 1804 1697 1841 Wolffgangus
1715 1804 1750 1832 de
1763 1804 1941 1840 Landtsberg
1957 1813 2013 1834 svo.

347 1851 377 1878 in
391 1851 477 1883 Lews,
497 1851 531 1879 fr.
544 1851 709 1878 Frauciscus
728 1851 747 1878 l.
760 1852 926 1886 procurator
944 1850 972 1877 in
986 1850 1106 1882 Labaco,
1125 1850 1158 1877 fr.
1171 1849 1239 1877 Otto
1251 1849 1286 1876 de
1300 1849 1419 1882 Prussia,
1438 1857 1493 1876 sac.
1507 1849 1632 1883 devotus,
1650 1848 1776 1875 mortuus
1788 1849 1832 1876 est
1844 1848 1872 1875 in
1884 1847 2014 1883 Wybaoh

347 1897 376 1922 et
395 1894 523 1929 sepultus
543 1894 572 1921 in
593 1887 779 1929 Reiffenberg,
798 1894 831 1921 fr.
844 1893 995 1929 Gregorius
1016 1893 1051 1920 de
1070 1892 1207 1928 Noerling
1225 1892 1291 1920 cler.
1304 1892 1331 1919 in
1349 1891 1438 1924 Staiu,
1458 1892 1490 1919 fr.
1504 1892 1611 1927 Caspai-
1629 1891 1662 1919 de
1680 1891 1780 1918 Athesi
1800 1892 1865 1920 cler.
1878 1891 1907 1919 in
1924 1890 2014 1926 Stain,

347 1940 378 1966 fr.
393 1938 550 1973 Cyprianus
569 1938 634 1965 cler.
647 1937 677 1964 in
697 1937 806 1965 Graetz.
843 1937 966 1965 Summa:
986 1937 1028 1964 10.

453 1986 484 2012 A.
499 1986 525 2013 d.
541 1985 621 2013 1498:
640 1985 673 2012 fr.
682 1985 851 2013 Valentinus
870 1985 905 2013 de
917 1985 1031 2020 Septem
1044 1984 1151 2012 Castris
1170 1992 1225 2011 sac.
1237 1983 1352 2019 vienne,
1370 1983 1404 2011 fr.
1415 1983 1549 2019 Baptista
1567 1983 1601 2010 de
1614 1983 1751 2019 aningia
1763 1983 1783 2011 1.
1795 1985 1886 2011 sartor
1899 1983 2014 2020 Vienna,
2033 1991 2059 2011 40

348 2030 380 2056 fr.
394 2029 543 2056 Florianus
563 2029 581 2056 l.
595 2030 694 2061 sartor,
720 2029 768 2063 qui
787 2028 843 2056 fuit
862 2028 997 2063 leprosus,
1016 2027 1133 2064 Vienne,
1157 2028 1190 2054 fr.
1204 2027 1286 2054 Vitus
1305 2027 1338 2055 de
1356 2027 1523 2063 Noviburga
1541 2035 1597 2055 sae.
1609 2027 1639 2054 in
1658 2027 1777 2060 Labaeo,
1800 2027 1832 2054 fr.
1846 2026 2015 2063 Porphyrius

349 2081 413 2103 sac„
439 2072 528 2099 bonus
546 2081 583 2107 p.,
602 2081 668 2107 sepe
686 2071 880 2107 guard(ian)us
899 2071 928 2098 in
946 2071 1130 2106 Noviburgio,
1149 2071 1182 2098 fr.
1196 2070 1322 2098 Liberius
1341 2079 1396 2098 sac.
1409 2070 1438 2097 in
1457 2070 1632 2106 Egenburge,
1650 2070 1683 2098 fr.
1697 2070 1833 2105 Georgius
1851 2070 1886 2098 de
1903 2069 2015 2098 Goldts·

351 2125 421 2151 perg
439 2116 457 2142 1.
475 2115 507 2142 S‘³
527 2115 722 2151 RadegundiS,
749 2115 782 2142 fr.
800 2114 1016 2150 Bartholomeus
1038 2114 1072 2142 de
1095 2115 1195 2148 Mysna
1217 2123 1272 2142 sae.
1292 2114 1321 2141 in
1344 2113 1436 2146 Smin,
1464 2113 1497 2141 fr.
1515 2113 1655 2141 Ethai-dus
1678 2113 1696 2141 l.
1718 2113 1748 2140 in
1771 2113 2014 2149 Ruedolphswert.

347 2159 471 2186 Summa:
491 2159 515 2186 9.

450 2202 482 2228 A.
496 2202 523 2229 d.
537 2203 618 2230 1499:
645 2202 677 2229 fr.
691 2201 840 2229 Cassianus
860 2202 894 2228 de
914 2201 1014 2229 Libera
1033 2201 1156 2228 Civitate
1175 2209 1231 2228 sac.
1244 2200 1274 2227 in
1293 2200 1412 2234 Labaco,
1430 2200 1464 2227 fr.
1478 2199 1601 2228 lustinus
1619 2200 1653 2227 de
1671 2199 1841 2227 Schlavonia
1858 2208 1914 2226 sac.
1927 2199 2014 2235 Egon·
2031 2207 2058 2227 ιι

349 2245 445 2280 burge,
464 2245 497 2272 fr.
511 2244 698 2272 Bernardinus
717 2245 751 2272 de
769 2244 871 2279 Styria,
890 2253 946 2272 sac.
960 2247 989 2272 et
1007 2245 1156 2277 confessor,
1175 2244 1359 2279 Iudenburge.
1396 2243 1520 2271 Summa:
1539 2244 1564 2271 3.

451 2290 482 2315 A.
494 2288 520 2315 d.
531 2288 613 2315 1500:
631 2288 664 2315 fr.
678 2288 800 2316 Michael
814 2289 848 2316 de
861 2288 974 2316 Mellieo
986 2289 1004 2315 l.
1015 2288 1131 2321 Vienne,
1145 2288 1177 2315 fr.
1187 2288 1373 2322 Hieronymus
1386 2287 1420 2314 de
1433 2286 1554 2314 Patavia
1566 2295 1621 2314 sac.
1629 2286 1764 2318 Viennae,
1776 2286 1809 2314 fr.
1820 2285 2014 2319 Bernardinus,

347 2332 385 2359 fil.
403 2331 473 2358 civis
492 2331 709 2364 Prantstettner,
733 2341 807 2367 mag.
826 2331 929 2359 artium
949 2333 978 2359 et
995 2332 1133 2362 novimum.
1159 2331 1203 2359 ob.
1214 2331 1348 2363 Viennae,
1374 2330 1407 2358 fr.
1420 2330 1578 2365 Leopoldus
1596 2330 1615 2358 l.
1634 2330 1665 2357 in
1683 2330 1792 2363 Graetz,
1817 2329 1850 2356 fr.
1862 2329 1962 2357 Petrus
1979 2329 2015 2358 de

347 2375 468 2402 Bavaria
487 2383 551 2407 sae„
575 2383 642 2409 sepe
661 2375 841 2410 guardianuS,
867 2375 955 2402 bonus
974 2385 1010 2410 p.,
1027 2375 1146 2410 Vienne,
1171 2374 1205 2402 fr.
1216 2373 1355 2402 Antonius
1374 2373 1408 2400 de
1427 2373 1613 2401 Weissnbaoh
1631 2373 1649 2400 1.
1663 2372 1797 2402 Viennae,
1822 2372 1856 2399 fr.
1869 2372 2014 2399 Barnabas

347 2419 382 2446 de
393 2418 463 2446 Rein
477 2426 542 2450 sae,
561 2418 650 2444 bonus
666 2427 703 2452 p.,
722 2418 765 2444 ob.
776 2417 910 2450 Viennae,
930 2418 962 2445 fr.
976 2418 1127 2453 Philippus
1140 2418 1174 2446 de
1187 2416 1358 2445 Schlavonia
1370 2417 1396 2450 1.‚
1416 2417 1450 2444 12
1462 2416 1543 2444 annis
1556 2415 1687 2452 captivus
1700 2415 1730 2443 in
1743 2415 1853 2449 Tui-eia,
1871 2417 1904 2442 ut
1915 2414 2012 2449 fertur,
2031 2422 2058 2441 so

348 2462 526 2497 Egenburge.
563 2461 688 2488 Summa:
707 2462 732 2489 8.

450 2506 483 2533 A.
494 2505 520 2532 d.
532 2505 612 2532 1501:
631 2505 664 2532 fr.
673 2504 856 2532 Sebastianus
869 2505 903 2532 de
914 2504 1016 2538 Styria,
1030 2513 1086 2532 sac,
1099 2507 1128 2532 et
1141 2504 1326 2532 confessarius
1338 2505 1445 2538 gratus,
1458 2503 1580 2531 sincerus
1593 2511 1629 2537 p.,
1642 2502 1672 2529 in
1685 2502 1794 2534 Graetr„
1812 2501 1846 2528 fr.
1855 2501 2015 2529 Alexander

347 2549 381 2576 de
401 2548 519 2584 Iglavia,
546 2548 611 2575 cler.
625 2548 773 2581 virtuosus,
785 2548 921 2580 Viennae,
945 2548 978 2575 fr.
992 2548 1153 2583 Procopius,
1174 2547 1314 2575 virtuosus
1331 2547 1406 2580 cler.⁹
1420 2546 1554 2578 Viennae,
1576 2545 1610 2572 fr.
1623 2544 1780 2573 Bemardus
1799 2544 1832 2572 de
1850 2544 2013 2579 Ingolstatt,

347 2592 366 2619 1.
385 2591 464 2619 utilis
482 2600 533 2626 pro
552 2591 682 2624 infimis,
707 2591 735 2618 in
755 2591 868 2624 Graetz,
894 2591 927 2618 fr.
940 2591 1069 2618 Erasmus
1088 2591 1106 2618 l.
1125 2593 1154 2618 et
1173 2599 1255 2618 cocus
1272 2589 1421 2625 religiosus
1439 2589 1469 2616 in
1488 2588 1601 2621 Graetz,
1626 2588 1660 2615 fr.
1671 2587 1824 2622 Procopius
1841 2587 1876 2614 de
1893 2586 2013 2622 Iglavia,

349 2643 406 2662 sac.
417 2634 588 2670 exemplaris
602 2634 686 2667 vitae,
698 2633 860 2670 predicator
873 2635 991 2662 devotus
1003 2635 1034 2662 et
1044 2633 1133 2661 bonus
1145 2642 1220 2668 mag.
1229 2633 1367 2666 noviorum,
1380 2632 1507 2660 oratione
1519 2631 1678 2668 precipuus,
1690 2631 1721 2659 in
1733 2631 1842 2664 Graetz,
1854 2631 1887 2659 fr.
1897 2631 2014 2659 lodocus
2031 2638 2056 2658 :ns

348 2678 382 2704 de
396 2677 564 2706 Constantia
582 2678 647 2705 cler.
658 2678 774 2713 Vienne,
793 2678 826 2705 fr.
839 2678 972 2706 Albertus
990 2677 1025 2704 de
1038 2676 1151 2703 Prussia
1168 2685 1232 2709 sae„
1251 2676 1340 2703 bonus
1358 2675 1486 2710 scriptor,
1505 2675 1638 2703 honestus
1657 2683 1739 2702 senex
1758 2674 1883 2706 devotus,
1896 2674 2012 2702 Vienne.

347 2720 472 2748 Summa:
490 2721 515 2748 8.

456 2834 475 2867 ¹)
495 2833 654 2860 Goevwln'um
673 2833 875 2867 Feldsbemense
892 2833 922 2859 in
940 2833 1056 2860 Austria
1075 2832 1208 2865 Inferiore
1226 2841 1247 2859 s.
1261 2831 1388 2859 Michaeli
1406 2831 1567 2866 archangelo
1583 2829 1730 2857 dedicatum
1749 2831 1814 2856 erat.
