2150 3178
501 192 768 226 NEGROLOGIUM
786 197 1015 226 MONASTERII
1033 197 1060 226 S.
1073 197 1204 226 GRUCIS
1221 196 1436 225 RECENTIUS.
1742 201 1801 231 119

830 321 1106 358 NOVEMBER.

154 403 178 430 2.
254 401 302 430 1V.
314 410 378 429 non.
397 400 457 428 ΕΡ.
467 400 531 426 ΑΒ.
550 400 602 427 Ob.
615 400 641 427 d.
654 399 848 435 Sigismundus
866 398 900 425 de
914 398 1114 426 Volchendorff
1119 400 1139 431 ¹)
1158 399 1296 434 archieps.
1310 399 1537 435 Salisburgensis.

155 447 179 474 7.
240 445 301 472 VII.
314 444 351 472 id.
396 443 458 471 ΕΡ.
467 443 530 471 ΔΒ.
549 443 600 470 Ob.
613 443 640 470 d.
653 442 790 470 Henricus
802 441 981 477 Steinberger
996 442 1136 476 quondam
1153 442 1244 476 abb.²)
1259 442 1290 469 in
1305 442 1388 470 Nova
1404 442 1537 470 Civitate.
1565 441 1599 469 L.
1617 441 1801 480 Ob.Ioannes

447 486 618 514 benefactor.
657 500 659 506 .

155 533 180 560 8.
248 531 296 558 VI.
310 531 347 558 id.
392 530 415 558 1.
427 530 463 557 R.
482 529 533 556 Ob.
548 528 673 557 marchio
690 527 823 556 Austriae
840 527 973 555 Albertus
991 529 1176 562 cognomento
1196 527 1286 560 Levis,
1305 527 1365 555 eius
1384 528 1503 555 nominis
1521 528 1551 555 in
1568 528 1799 563 Babenbergensi

446 572 557 600 familia.
580 571 732 604 secundus,
758 572 877 606 patruus
901 579 922 598 s.
940 569 1076 605 Leopoldi
1101 570 1271 604 fundatoris,
1299 570 1328 598 in
1354 571 1482 606 capitulo
1506 571 1589 598 mon¹i
1610 571 1639 598 ni
1663 572 1799 606 sepultus.

442 615 503 643 ΕΡ.
512 615 575 642 ΑΒ.
597 615 648 642 Ob.
661 614 688 642 d.
697 613 835 648 Virgilius
852 622 932 648 ppos.
946 613 976 640 in
989 613 1091 641 Vorau.

153 662 179 689 9.
200 683 208 689 .
267 660 300 688 V.
313 659 352 687 id.
396 659 457 687 ΕΡ.
467 658 530 686 ΑΒ.
549 658 601 686 Ob.
614 658 640 686 d.
653 657 833 685 Leonhardus
851 656 940 690 ubb.³)
959 656 986 683 in
1002 656 1171 691 Vonnpach.

137 705 177 733 10.
252 703 300 731 IV.
313 703 351 731 id.
395 702 437 730 Μ.
455 701 507 729 Ob.
521 701 552 728 fr.
566 700 783 736 christophorus
801 708 857 728 sac.
870 701 900 727 et
917 699 989 734 prof.

137 748 178 775 12.
266 747 301 774 ΙΙ.
314 746 352 773 id.
397 745 430 772 L.
448 745 500 773 Ob.
512 744 709 779 Wolffgangus
728 742 911 771 Gruenwaldt
929 742 1015 769 famst.

137 791 178 819 15.
209 790 298 818 XVII.
310 789 368 817 kal.
397 789 420 816 Ι.
434 788 470 815 R.
492 787 653 822 Leopoldus
677 787 733 814 dux
757 785 908 817 Bavariae,
933 785 971 812 fil.
989 784 1146 812 fundatoris
1167 785 1228 816 nist)
1270 785 1303 812 A.
1319 785 1388 812 1136
1411 785 1454 813 ob.
1473 794 1495 813 s.
1511 785 1594 813 monii
1618 785 1646 812 ni
1668 785 1801 812 fundator

445 830 618 865 Leopoldus,
649 829 733 857 huius
754 829 875 857 nominis
901 828 931 856 in
959 827 1069 855 familia
1090 828 1319 863 Babenbergensi
1342 829 1487 862 quart-nst)
1511 828 1636 856 marchio
1659 828 1800 861 Austriae,

445 873 584 908 Leopoldi
604 872 719 900 Pulchri
743 881 776 900 ex
794 872 860 899 Itha
878 871 991 899 Hem-ici
1011 871 1090 899 tertii
1107 871 1228 899 caesaris
1246 871 1305 900 fllia
1322 873 1438 907 gnatus,
1461 873 1612 906 postquam
1630 872 1727 906 ampla
1745 872 1800 899 duo

446 916 535 944 monh
553 916 684 943 Austrise
702 915 819 948 lumina,
842 914 1044 950 Nenburgense
1062 914 1173 942 scilicet,
1191 916 1221 942 et
1239 915 1403 942 coenobium
1420 920 1478 942 12¹²¹³¹
1498 915 1524 942 S.
1538 915 1642 947 Crucis,
1666 923 1684 942 a.
1701 915 1799 942 funda-

408 966 412 970 ⁴
444 959 547 987 mentis
569 959 702 987 erexisset
728 960 758 986 et
775 958 926 986 Melicense
944 958 1141 993 Hungarorum
1158 957 1315 986 incursibus
1333 958 1458 986 dirutum
1474 960 1671 991 restaurasset,
1696 958 1745 992 qui
1764 958 1799 985 ob

445 1003 591 1038 praeclara
614 1002 691 1030 vitae
715 1001 817 1029 merita
840 1002 876 1029 ab
896 1001 1058 1029 Innocentio
1071 1001 1146 1028 VIII.
1167 1001 1197 1028 in
1220 1001 1266 1029 die
1288 1001 1460 1036 epiphaniae
1478 1010 1503 1029 a.
1518 1002 1585 1029 1484
1608 1001 1637 1028 in
1655 1009 1800 1028 numerum

443 1048 602 1073 sanctorum
620 1045 727 1073 relatus
745 1046 796 1073 est.

136 1092 176 1120 19.
221 1091 297 1118 XIII.
309 1090 367 1117 kal.
395 1089 527 1116 ERAB.
545 1087 598 1115 Ob.
613 1096 638 1115 a..
652 1088 720 1115 1460
737 1088 762 1115 d.
777 1087 921 1115 Gotsridus
939 1087 1076 1115 secundus
1094 1087 1184 1121 abb.·)
1202 1087 1231 1113 in
1249 1087 1331 1114 Nova
1350 1086 1483 1115 Civitate.

133 1135 175 1162 22.
264 1133 297 1160 X.
310 1132 368 1160 kal.
396 1132 456 1159 ΕΡ.
465 1132 528 1159 AB.
548 1131 599 1159 Ob.
614 1132 640 1158 d.
653 1130 871 1166 Ohristophorus
894 1131 928 1158 de
951 1130 1213 1164 Trautmanstorff‘)
1237 1139 1294 1165 eps.
1313 1130 1494 1158 Secoviensis.
1535 1130 1587 1158 Ob.
1603 1130 1630 1158 d.
1646 1130 1768 1158 Michael
1777 1132 1799 1164 ⁷)

443 1174 508 1203 abb.
521 1175 551 1202 in
563 1174 732 1209 Vormpach.

137 1220 179 1248 23.
253 1219 301 1247 IX.
313 1219 371 1246 kal.
397 1218 430 1246 L.
450 1217 502 1246 Ob.
514 1218 548 1245 d·
564 1217 731 1245 Elisabetha
748 1226 774 1245 a..
788 1216 864 1244 1388.

132 1263 175 1291 26.
251 1263 297 1290 VI.
310 1262 367 1290 kal.
394 1261 455 1289 ΕΡ.
465 1261 529 1289 AB.
548 1260 600 1289 Ob.
613 1261 639 1288 d.
652 1261 771 1288 Iacobus
777 1261 798 1294 ⁸)
816 1260 880 1287 abb.
894 1260 920 1286 h.
933 1269 970 1287 m.
997 1259 1030 1287 L.
1049 1259 1100 1287 Ob.
1113 1260 1139 1287 d.
1153 1260 1235 1295 Hugo
1254 1259 1424 1288 benefactor.

133 1306 176 1334 28.
250 1306 298 1333 lv.
311 1305 368 1333 kal.
397 1305 430 1332 L.
448 1304 500 1332 Ob.
513 1304 540 1332 d.
552 1303 758 1331 Schoichsrdus
775 1303 850 1330 Ober
868 1303 1037 1331 benefactor.

132 1350 175 1378 30.
257 1349 294 1377 11.
306 1349 364 1376 kal.
396 1348 435 1375 M.
454 1347 506 1375 Ob.
519 1342 551 1374 fr.
564 1347 735 1375 Colmannus
753 1354 809 1374 sac.
823 1348 853 1374 et
870 1346 942 1381 prof.
969 1346 1002 1373 L.
1021 1345 1072 1373 Ob.
1085 1354 1159 1381 mag.
1171 1346 1342 1374 Bertholdus
1359 1346 1529 1374 benefactor.

832 1474 1101 1511 DECEMBER.

154 1556 166 1582 1
311 1555 369 1583 kal.
395 1555 437 1582 M.
455 1554 507 1582 Ob.
519 1554 553 1582 fr.
565 1554 688 1581 Michael
707 1553 832 1581 subdiac.
847 1555 877 1582 et
894 1554 965 1588 prof.

151 1599 168 1626 2
251 1598 298 1626 IV.
310 1607 373 1626 non.
392 1598 457 1625 ΕΡ.
467 1598 528 1625 AB.
546 1597 579 1624 A.
594 1597 660 1624 1541
680 1597 724 1624 ob.
737 1597 764 1624 d.
777 1596 914 1632 Georgius
921 1597 942 1630 ⁸)
960 1605 1039 1632 ppos.
1053 1596 1376 1631 Klosterneuburgensis.

151 1642 169 1669 3
247 1642 296 1669 111.
309 1650 373 1669 non.
392 1641 462 1669 ΖΒ.
482 1640 532 1668 Ob.
551 1640 695 1675 princeps,
721 1640 777 1667 dux
798 1639 931 1667 Albertus
953 1640 979 1668 d.
996 1639 1139 1672 Austriae,
1167 1640 1200 1667 fr.
1217 1639 1352 1667 Friderici
1374 1639 1565 1674 imperatoris,
1592 1639 1797 1667 inssoxicatione

443 1683 600 1717 interiit.¹⁰)
628 1684 668 1711 M.
687 1683 739 1711 Ob.
752 1683 786 1711 fr.
797 1683 888 1711 David
906 1691 962 1711 sac.
975 1685 1005 1711 et
1022 1683 1094 1718 prof.

150 1729 176 1756 4.
262 1728 297 1755 11.
310 1736 374 1756 non.
395 1727 435 1754 M.
454 1727 505 1755 Ob.
519 1727 552 1754 fr.
566 1727 684 1754 Ioannes
701 1735 757 1754 sac.
770 1728 800 1754 et
817 1726 888 1761 prof.

151 1772 168 1798 5
310 1779 373 1798 non.
392 1770 453 1797 ΕΡ.
468 1770 532 1798 AB.
555 1769 606 1798 Ob.
624 1770 650 1796 d.
668 1770 874 1797 Godeschalcus
898 1769 1005 1804 primus
1030 1770 1094 1797 abb.
1112 1770 1193 1797 monii
1216 1770 1243 1797 ni
1266 1770 1292 1797 S.
1310 1769 1406 1798 Crucis
1433 1771 1548 1798 vocatus
1572 1770 1627 1797 huc
1651 1778 1685 1797 ex
1710 1769 1798 1796 moni0

442 1813 620 1845 Morimundi,
637 1818 690 1840 xnre
709 1818 744 1840 n·
761 1813 934 1845 immediata,
953 1821 979 1840 a.
994 1813 1069 1840 1147.

150 1857 176 1884 8.
249 1856 297 1885 VI.
309 1856 347 1884 id.
390 1856 450 1884 ΕΡ.
459 1857 520 1883 AB.
539 1856 590 1884 Ob.
604 1856 629 1883 d.
642 1856 760 1883 Ioannes
769 1858 802 1888 ¹¹)
820 1856 885 1883 abb.
898 1856 928 1883 h.
941 1864 964 1884 c.
976 1865 1002 1884 a.
1014 1857 1090 1884 1321.

151 1901 176 1928 9.
264 1900 296 1928 V.
309 1900 347 1927 id.
392 1899 452 1927 ΕΡ.
463 1900 527 1927 ΔΒ.
547 1899 598 1927 Ob.
611 1899 639 1927 d.
653 1899 796 1927 Conradus
815 1899 879 1927 abb.
892 1899 922 1926 in
941 1899 1120 1927 Morimundt.

135 1944 176 1971 10.
251 1943 300 1970 IV.
313 1943 351 1970 id.
395 1943 421 1970 Ι.
432 1942 468 1970 R.
486 1942 624 1970 Eenricus
641 1951 690 1970 rex
709 1941 852 1978 Ungsriae
870 1944 900 1970 et
918 1942 1024 1977 Sophia
1042 1943 1165 1971 ux.eius.
1192 1943 1233 1971 M.
1251 1943 1297 1970 Fr.
1310 1942 1487 1970 Bernhardus
1504 1950 1560 1970 sac.
1573 1944 1603 1970 et
1620 1942 1691 1977 prof.

137 1987 180 2014 11.
250 1986 300 2013 111.
313 1986 350 2013 id.
395 1985 421 2013 Ι.
432 1985 467 2013 R.
486 1985 537 2013 Ob.
550 1985 682 2020 princeps
693 1985 860 2018 miden-icus,
878 1985 916 2013 fil.
929 1985 1007 2013 ducis
1022 1986 1179 2020 ettonisu)
1202 1986 1243 2014 M.
1263 1986 1314 2014 Ob.
1323 1986 1358 2014 fr.
1367 1986 1489 2013 Thomas
1501 1994 1557 2013 sae.
1569 1985 1639 2020 prof.
1650 1985 1796 2013 Emensis.

443 2029 478 2057 L.
496 2028 548 2056 Ob.
561 2029 703 2056 Comadus
721 2028 866 2063 Rumpffer
883 2028 970 2056 sumn.
1401 2032 1403 2034 ·

135 2072 176 2100 13.
314 2072 351 2099 id.
395 2071 455 2099 ΕΡ.
465 2072 529 2099 ΑΒ.
548 2072 599 2099 Ob.
613 2072 638 2099 d.
651 2072 811 2106 loannes¹⁸)
825 2072 891 2099 abb.
904 2072 987 2099 monii
1000 2081 1021 2099 s.
1035 2071 1187 2100 Trinitatis
1198 2072 1228 2099 in
1241 2072 1323 2099 Nova
1334 2071 1467 2099 Civitate.
1485 2071 1518 2099 L.
1537 2070 1589 2099 Ob.
1601 2070 1660 2099 mil.
1674 2071 1797 2099 Mathias

444 2115 479 2143 de
496 2115 611 2150 Spaner,
629 2114 801 2143 benefactor.

134 2159 176 2186 15.
195 2158 295 2186 XVIII.
310 2158 367 2186 kal.
395 2158 437 2186 M.
457 2158 508 2186 Ob.
520 2158 572 2185 ἠΰ·
589 2158 722 2191 Andreas,
742 2157 898 2189 Udalricus.
917 2158 1066 2190 Conradus,
1085 2163 1159 2185 εαοῡθ
1177 2159 1207 2186 eb
1224 2158 1299 2193 profi
1318 2158 1345 2185 h.
1359 2166 1382 2185 c.

136 2201 176 2229 16.
211 2201 300 2229 XVII.
312 2201 370 2229 kal.
398 2201 439 2229 M.
458 2201 508 2229 Ob.
521 2201 572 2228 fr⁰⁸
590 2201 776 2234 Bemhardus‚
792 2200 966 2233 Walthems,
984 2205 1058 2228 sace·
1076 2202 1105 2228 et
1123 2200 1204 2236 profi.

137 2243 178 2271 18.
239 2244 300 2272 XV.
312 2244 370 2272 kal.
398 2244 439 2272 M
458 2244 508 2271 Ob.
521 2253 550 2279 p.
562 2243 719 2278 Leopoldus
737 2243 873 2271 Gioberus
891 2243 961 2278 prof.
975 2243 1266 2279 claustroneoburgae
1284 2245 1314 2271 et
1332 2243 1396 2271 frum
1414 2244 1606 2272 confessarius.

134 2287 176 2315 19.
219 2287 295 2315 XIV.
310 2287 368 2314 kal.
395 2286 455 2314 ΕΡ.
465 2287 529 2315 AB.
548 2287 598 2314 Ob.
612 2287 638 2314 d.
652 2287 835 2320 Conradusu)
854 2287 918 2315 abb.
931 2287 959 2315 h.
972 2296 996 2315 c.

133 2330 178 2359 20.
221 2330 296 2358 XIII.
309 2330 366 2357 kal.
393 2330 427 2357 L.
448 2330 498 2358 Ob.
511 2330 630 2358 Hestera
648 2330 733 2357 vidua
750 2330 836 2357 ἰωὴ.

134 2373 177 2400 21.
237 2373 299 2401 XII.
311 2373 368 2400 kal.
398 2373 438 2401 M.
457 2373 509 2401 Ob.
521 2373 554 2400 fr.
566 2373 704 2401 Heni-icus
722 2381 779 2400 sac.
793 2374 823 2400 et
840 2372 910 2407 prof.
925 2373 955 2400 in
972 2372 1055 2400 Nova.
1074 2372 1206 2400 civitate.

134 2416 176 2444 22.
251 2416 298 2444 XI.
311 2416 369 2443 kal.
396 2416 459 2443 ΕΡ.
469 2417 529 2444 ΑΒ.
550 2416 601 2444 Ob.
615 2416 640 2444 d.
653 2416 817 2449 Michael¹³)
834 2424 914 2451 ppos.
927 2415 957 2442 in
966 2416 1068 2444 Vorau.
1091 2416 1134 2444 M.
1153 2416 1204 2444 Ob.
1217 2416 1250 2444 fr.
1262 2416 1448 2451 Hieronymus
1466 2416 1539 2444 diae.
1551 2418 1581 2444 et
1598 2416 1668 2451 prof.
1692 2416 1725 2444 L.
1745 2416 1794 2444 Ob.

443 2458 580 2487 Nicolaus
598 2459 794 2487 Ottenthaller
811 2459 980 2487 benefactor.

239 2575 263 2609 ⁸)
284 2577 391 2610 quintus
409 2578 438 2603 in
454 2578 600 2604 recem-ione
618 2578 704 2603 altera
724 2577 890 2603 Gottwice‘rm'.

238 2654 259 2686 ¹)
278 2657 452 2681 1452—1461.
552 2655 573 2686 ²)
593 2657 773 2681 1444—1446.
871 2654 892 2687 ⁸)
912 2657 1082 2681 1474—1601.
1178 2654 1199 2686 ⁴)
1219 2654 1292 2681 Nota
1310 2653 1375 2681 haec
1391 2655 1490 2688 forsan
1506 2654 1563 2681 eius
1580 2654 1797 2681 wnniverswn'um

131 2694 244 2722 mdicat.
354 2696 378 2730 l‘)
399 2700 576 2724 1446—1460.
686 2696 707 2731 ⁰)
726 2700 901 2724 1477—1480.
1013 2697 1034 2730 ⁷)
1053 2700 1234 2724 14⁷2-1474.
1345 2698 1367 2731 ⁸)
1386 2696 1501 2724 Iacobus
1522 2696 1548 2724 I.
1573 2697 1662 2724 dictus
1686 2697 1797 2724 Heckler

134 2740 312 2766 1329—1332.
422 2740 443 2774 ⁸)
466 2739 594 2774 Geor-qius
611 2739 654 2767 II.
677 2739 936 2767 Hausmarmstdtter
955 2743 1133 2767 1609—1541.
1247 2740 1280 2774 ¹⁰)
1298 2739 1424 2767 Albertus
1447 2740 1494 2767 V1.
1513 2740 1554 2768 ob.
1573 2740 1619 2767 VI.
1635 2739 1671 2767 id.
1688 2740 1797 2767 Decem-

133 2779 188 2807 bris
206 2784 281 2809 1463.
394 2783 428 2816 ¹¹)
445 2785 626 2816 1309—1317,
644 2790 696 2816 quo
713 2790 789 2810 anno
805 2783 954 2818 resiynavit
970 2786 995 2810 et
1012 2782 1052 2811 ob.
1064 2785 1175 2810 a.1331.
1282 2783 1315 2816 ¹²)
1334 2784 1369 2810 A.
1383 2786 1455 2811 1344.
1563 2784 1595 2818 ¹⁸)
1612 2786 1796 2811 1460—1482.

135 2824 171 2857 ¹⁴)
193 2823 339 2852 Comadus
356 2824 381 2852 I.
403 2824 519 2852 Chiaslo
537 2828 709 2853 1347—1357.
817 2827 850 2860 ¹¹⁸)
868 2826 968 2853 Dictus
987 2825 1113 2860 Fmass
1130 2828 1305 2853 1493—1496.
