2150 3178
335 188 398 219 534
743 180 1011 210 NECROLOGIUM
1031 180 1223 209 CANONIAE
1240 180 1290 207 AD
1307 179 1335 207 S.
1346 178 1600 207 HIPPOLYTUM.

648 270 689 303 de
714 269 862 310 Secovia‚
886 269 942 301 cfr.
959 279 990 300 n.
1035 267 1217 300 Katherina
1239 267 1302 299 mn·
1326 266 1367 299 de
1390 266 1540 309 Seoovia3
1561 276 1686 299 consor.
1702 276 1733 298 n.
1770 264 2004 298 Wenczeslaus

650 322 692 354 de
716 321 754 354 Sa
768 321 939 354 Dorothea
961 320 1032 363 pbr.
1053 323 1086 352 et
1108 319 1164 351 cfr.
1181 330 1212 351 ιι.
1258 319 1458 361 Pangracius
1481 318 1522 350 de
1546 317 1779 360 Herczoburga
1801 317 1872 360 pbr.
1890 319 1923 349 et
1945 317 2002 350 cfr.

648 375 689 406 A.
706 374 738 406 d.
759 375 839 406 1464
855 372 1071 405 Leonhardus
1087 371 1274 414 Meylawer,
1297 370 1444 403 Barbara
1462 381 1517 402 ux.
1534 370 1604 402 eius
1623 369 1784 402 dederunt
1798 369 1891 402 nobis
1907 369 2004 401 annui

650 437 765 459 census
789 427 808 457 2
825 425 880 457 tal.
897 429 914 459 ὁ
963 424 1015 456 Ob
1034 424 1096 456 hoc
1118 423 1300 465 obligamur
1322 432 1381 454 nos
1392 424 1438 454 —et
1453 431 1656 454 successores
1673 421 1704 454 ιιι
1720 421 1767 453 eis
1782 431 1882 453 unum
1897 420 2003 452 anniv.

650 479 734 510 infra
765 480 898 509 octavas
930 479 963 507 11
990 475 1116 507 milium
1145 475 1305 517 virginum
1332 474 1364 505 in
1391 473 1476 505 hunc
1499 472 1648 505 modum:
1678 473 1783 515 primo
1807 471 1907 505 debet
1929 482 2004 515 pre-

651 530 760 572 parari
786 527 942 561 feretrum
970 538 1044 559 cum
1066 537 1174 569 panno
1197 537 1297 558 aureo
1321 526 1352 557 in
1376 525 1486 558 medio
1508 524 1602 557 mon¹¹
1625 535 1698 557 cum
1721 527 1741 557 4
1764 524 1909 558 candelis
1932 534 2005 556 cum

651 592 735 614 novo
763 581 859 624 pulsu
886 583 919 612 et
941 579 1056 612 maiori
1079 579 1190 622 vigilia
1214 581 1248 610 et
1270 578 1369 610 missa
1392 577 1618 610 defunctorum
1641 580 1675 609 et
1697 576 1822 609 duabus
1844 576 1949 608 missis
1973 579 2006 608 et

651 644 724 666 cum
747 633 810 665 hoc
833 632 934 664 debet
956 631 1052 663 scribi
1075 631 1117 663 ad
1140 631 1206 663 alia
1228 630 1340 671 mon¹·‚
1364 640 1428 672 que
1452 629 1718 662 confraternitate
1733 629 1828 661 uobis
1843 627 2006 671 annexa·)

652 686 791 718 fuerunt.
837 685 977 716 Ioannes
992 682 1239 715 Frantzhawser
1261 682 1303 715 de
1319 681 1357 714 8⁰
1373 680 1510 713 Nicolao
1534 683 1628 714 extra
1650 691 1759 713 muros
1774 680 1911 713 Patavie
1933 680 2005 722 pbr.

653 741 686 770 et
715 737 772 769 cfr.
795 747 826 768 ιι.
879 735 932 767 Fr.
955 734 1096 767 Michael
1127 733 1351 766 Osterhueber
1381 733 1462 766 diac.
1485 734 1519 765 in
1547 732 1862 775 Herczogenburga,
1895 731 1952 764 cfr.
1974 742 2006 764 ιι.

651 789 703 821 Fr.
719 788 868 820 Andreas
883 787 997 820 Mauth
1012 785 1106 819 mon¹¹
1120 785 1334 818 Gotwicensis
1350 785 1432 827 prof.
1445 785 1502 817 cfr.
1515 796 1546 817 ιι.
1581 790 1656 825 Mag.
1670 789 1811 817 Iohannes
1824 788 2008 824 Plangkhner

652 841 687 867 de
713 839 886 874 Nsunburga.
913 839 975 874 pbr.
996 840 1026 865 et
1053 837 1102 865 cfr.
1124 846 1150 864 ιι.
1195 836 1227 864 D.
1247 836 1458 864 Bernhardinus
1486 836 1677 871 Bengenastb)
1705 835 1740 863 de
1766 835 1919 870 Neuburga.
1945 834 2007 870 pbr.

653 885 683 911 et
701 884 750 910 cfr.
763 893 790 910 ιι.

339 937 383 965 22.
455 936 504 964 XI.
517 936 573 963 kal.
602 931 793 964 Gerlohus
816 930 894 972 pbr.
913 933 950 962 et
966 930 1007 962 fr.
1022 941 1052 962 n.
1093 929 1204 962 Huno
1221 929 1299 971 pbr.
1317 932 1355 961 et
1371 928 1412 961 fr.
1429 939 1460 961 n.
1501 927 1706 971 [Nycolaus
1721 928 1821 970 pleb.
1839 927 2008 960 ecclesie

653 984 681 1015 si
701 982 847 1026 Egidii,
875 982 940 1014 cfr.
957 993 986 1014 n.
1033 981 1148 1022 Nota,
1178 980 1277 1023 quod
1300 981 1422 1013 anniv.
1439 980 1522 1013 dies
1545 980 1580 1013 d¹
1602 980 1648 1012 de
1672 979 1947 1022 Streitbesen0)
1971 981 2010 1012 et

653 1036 792 1068 relicte
820 1034 922 1076 eusd)
945 1033 1174 1075 Katherine,
1207 1043 1278 1076 que
1306 1032 1495 1076 quondam
1522 1032 1594 1064 fuit
1616 1032 1755 1064 relicta
1778 1031 2010 1064 Ottakchari

654 1088 699 1120 de
722 1087 799 1120 Ror
822 1090 859 1119 ct
883 1087 1047 1118 omnium
1071 1089 1361 1118 antecessorum
1385 1088 1423 1117 et
1445 1093 1880 1116 successorumsuorum
1900 1093 2009 1126 pera-

654 1141 758 1182 gitur
786 1138 949 1180 singulis
979 1138 1087 1170 annis
1117 1138 1153 1169 in
1181 1136 1359 1170 secundis
1386 1137 1560 1179 vesperis
1586 1139 1625 1167 11
1652 1135 1797 1168 milium
1819 1135 2009 1178 virginum

655 1193 691 1224 in
725 1191 822 1223 hunc
857 1190 1022 1222 modum:
1058 1190 1179 1232 primo
1212 1189 1329 1221 debet
1360 1188 1560 1231 preparari
1593 1188 1781 1220 feretrum
1815 1187 1852 1218 in
1883 1185 2010 1218 medio

655 1242 766 1276 mon¹¹
789 1253 867 1274 cum
900 1252 1024 1284 panno
1053 1240 1099 1273 de
1127 1240 1244 1273 zecha
1274 1243 1405 1272 nostra
1436 1243 1473 1272 et
1502 1239 1620 1272 debet
1642 1239 1695 1271 ibi
1718 1238 1867 1271 cantari
1890 1238 2012 1270 maior

654 1295 791 1338 vigilia
814 1297 852 1326 et
874 1304 955 1326 cum
979 1293 1091 1335 pulsu
1114 1293 1250 1325 maiori
1274 1296 1311 1325 et
1330 1303 1397 1334 pro
1413 1292 1522 1334 pulsu
1539 1291 1732 1324 dabuntur
1747 1289 2011 1334 camponatori

657 1349 701 1380 24
720 1352 742 1385 a)
782 1347 879 1379 Item
902 1356 983 1378 cum
1006 1345 1152 1378 feretro
1177 1344 1319 1377 debent
1341 1354 1426 1376 esse
1450 1346 1492 1376 12
1509 1343 1670 1376 candele
1687 1342 1732 1375 de
1748 1342 1864 1374 zecha
1880 1344 2011 1374 nostra

658 1403 694 1433 et
718 1402 736 1431 4
754 1398 916 1431 candele
941 1397 985 1430 de
1008 1397 1127 1430 zecha
1149 1407 1263 1439 super
1285 1396 1531 1439 sepulchrum
1549 1394 1796 1427 Streitweser
1815 1396 1854 1426 et
1869 1393 2013 1426 debent
2051 1406 2054 1407 ⁷

657 1453 736 1495 legi
770 1454 789 1484 2
819 1451 1008 1494 psalteria
1040 1453 1077 1482 et
1109 1449 1302 1482 dabuntur
1329 1448 1411 1480 illis
1441 1449 1500 1485 8&
1551 1447 1649 1479 Item
1682 1446 1728 1483 de
1758 1456 1866 1478 mane
1896 1444 2013 1478 debet

658 1504 806 1536 cantari
829 1504 935 1545 prior
957 1502 1074 1534 missa
1096 1511 1164 1543 pro
1188 1500 1382 1532 defunctis
1405 1503 1442 1532 et
1464 1499 1524 1532 illi
1547 1498 1739 1531 dabuntur
1757 1501 1799 1529 15
1815 1501 1837 1534 ὰ
1856 1500 1893 1529 et
1912 1497 2013 1529 infra

658 1558 825 1600 priorem
856 1555 1009 1588 missam
1039 1553 1182 1586 debent
1211 1553 1290 1595 legi
1318 1555 1336 1584 5
1360 1553 1474 1584 misse
1502 1550 1549 1584 ad
1571 1551 1707 1583 missas
1729 1550 1834 1592 prius
1858 1549 2012 1582 dotatas

660 1612 698 1640 et
725 1607 889 1640 cuilibet
913 1606 1104 1641 dabuntur
1130 1607 1210 1642 1013.
1262 1604 1359 1637 Item
1387 1603 1539 1646 publica
1565 1603 1681 1635 missa
1709 1601 1777 1634 illa
1806 1601 1867 1633 die
1897 1600 2013 1634 debet

659 1660 807 1692 cantari
837 1659 882 1691 de
912 1658 1174 1700 assumptione
1203 1657 1234 1688 b.
1250 1656 1419 1699 Virginis
1449 1658 1487 1687 et
1514 1655 1685 1687 cantanti
1713 1653 1906 1686 dabuntur
1932 1655 2012 1691 1502

659 1713 756 1744 Item
789 1722 857 1754 pro
889 1710 1035 1752 vigiliis
1066 1709 1232 1741 cantatis
1263 1708 1381 1740 debet
1410 1706 1625 1739 oblaiarius
1656 1706 1831 1747 recipere
1864 1708 1964 1741 141ιᾲ
1993 1715 2013 1736 a

658 1764 817 1797 custode
841 1767 879 1795 et
902 1761 1138 1794 distribuere
1162 1761 1264 1792 inter
1287 1759 1344 1791 d⁰⁸
1366 1769 1434 1801 pro
1458 1758 1731 1791 consolacione
1755 1759 1793 1789 et
1814 1755 2013 1789 laboribus

661 1815 828 1858 eorum.²)
873 1814 1017 1856 Eadem
1046 1812 1106 1844 die
1135 1814 1176 1844 13
1199 1810 1416 1843 hominibus
1440 1803 1576 1842 dentur
1599 1808 1761 1841 cuilibet
1784 1811 1802 1840 5
1818 1807 1878 1851 c).s)]
1925 1807 2012 1840 Tho-

659 1880 730 1901 mas
759 1867 835 1899 Gall
865 1877 912 1898 ae.
937 1866 978 1898 de
1001 1864 1137 1905 Voraw‚
1172 1863 1229 1895 cfr.
1251 1874 1280 1895 n.
1333 1867 1456 1895 Thomas
1479 1866 1608 1901 Scriptor
1630 1865 1750 1900 coquine
1773 1874 1800 1892 n.
1821 1864 1912 1892 fidelis
1935 1864 2013 1898 fam„

659 1922 781 1948 testatus
800 1921 843 1946 est
862 1918 942 1945 nobis
962 1918 978 1944 6
991 1918 1021 1944 ‘th
1036 1918 1056 1948 ὁ.
1072 1915 1148 1943 1506.

347 1977 391 2004 23.
474 1976 508 2003 X.
521 1975 580 2002 kal.
608 1969 840 2001 Wernherus
857 1967 924 1998 civ.
938 1966 1079 2006 Petam,
1097 1964 1205 1996 cfr.n.
1243 1961 1466 2004 Leupoldus
1483 1960 1587 2003 dyac.
1604 1960 1770 1992 ecclesie
1787 1958 1814 1990 s¹
1829 1959 2012 2000 Floriani,

661 2020 725 2052 cfr.
742 2031 772 2051 n.
812 2019 978 2051 Ioannes
1001 2016 1046 2049 de
1063 2016 1105 2048 S·
1122 2015 1244 2048 Cruce
1267 2014 1345 2056 pbr.
1363 2017 1400 2045 et
1418 2013 1483 2045 cfr.
1497 2023 1527 2044 n.
1566 2011 1761 2055 [Albertus
1777 2010 1823 2043 de
1840 2010 2018 2043 Ohrems-

660 2074 844 2112 munster⁷
861 2070 940 2112 pbr.
958 2072 995 2101 et
1011 2068 1076 2100 cfr.
1089 2067 1133 2110 n.]
1172 2067 1212 2099 D.
1227 2065 1420 2098 chunradus
1435 2065 1477 2096 de
1493 2063 1702 2105 Newnburga
1718 2063 1774 2095 cfr.
1787 2073 1818 2094 n.
1856 2062 1897 2094 D.
1912 2061 2013 2094 Udal-

661 2125 745 2156 ricus
768 2123 888 2155 Tusem
915 2121 985 2163 pbr.
1007 2119 1162 2152 secularis
1191 2118 1232 2150 de
1256 2117 1294 2149 S⁰
1309 2117 1456 2157 Andrea,
1486 2116 1542 2148 cfr.
1563 2127 1593 2147 n.
1645 2114 1811 2146 Erhardus
1838 2113 1879 2146 de
1902 2113 2013 2146 Neun-

661 2177 763 2218 burga
786 2174 855 2216 pbr.
877 2177 911 2205 et
933 2173 990 2205 cfr.
1006 2184 1037 2204 n.
1083 2170 1237 2203 Nicolaus
1261 2169 1302 2202 de
1326 2169 1486 2201 Gottwico
1510 2167 1579 2210 pbr.
1597 2170 1630 2199 et
1652 2167 1708 2198 cfr.
1723 2177 1754 2198 ιι.
1799 2165 1840 2198 D.
1857 2165 2015 2197 Martinus

661 2228 702 2260 de
719 2227 894 2268 Witignaw
910 2222 966 2257 cfr.
979 2236 1009 2256 ιι.
1044 2223 1264 2265 Wolfgangus
1279 2221 1444 2253 Pelbisch.
1478 2220 1574 2252 Anna
1589 2230 1643 2251 ux.
1679 2218 1848 2260 Hedwigis
1857 2216 2014 2250 We'chin-

662 2281 754 2322 gerin
775 2279 839 2311 m¹¹³
856 2278 898 2310 ad
915 2277 975 2309 S¹¹¹¹²
992 2275 1149 2308 Iacobum
1161 2274 1304 2315 Wienn.‚
1328 2283 1452 2306 consor.
1466 2284 1495 2304 ιι.
1534 2276 1610 2311 Mag.
1626 2275 1777 2302 Haiuricus
1793 2274 1885 2301 Ysaac
1902 2282 2015 2302 cesaree

662 2330 820 2357 maiestatis
844 2328 1058 2359 archimusicus,
1085 2327 1134 2354 cfr.
1151 2335 1177 2353 n.
1219 2325 1251 2353 D.
1264 2324 1461 2359 Wolffgangus
1479 2322 1668 2357 Saspacherss)
1691 2321 1832 2356 quondam
1856 2320 1921 2348 abb.
1933 2320 2016 2348 monii

663 2373 771 2401 Ossiaci
783 2374 812 2406 ¹),
831 2373 880 2399 cfr.
893 2382 919 2399 ιι.

350 2429 394 2457 24.
468 2427 514 2454 IX.
528 2426 584 2454 kal.
612 2422 778 2454 Sifridus
801 2421 879 2463 pbr.
892 2423 934 2452 et
957 2420 998 2451 fr.
1015 2430 1045 2450 n.
1085 2416 1309 2450 chunradus
1326 2415 1487 2447 Grezzlo
1510 2414 1588 2456 pbr.
1607 2416 1643 2446 et
1663 2413 1705 2445 fr.
1722 2424 1752 2444 n.
1791 2411 2016 2454 Leupoldus

663 2475 708 2506 de
732 2473 893 2505 Secovia
920 2472 998 2513 pbr.
1023 2473 1061 2502 et
1088 2470 1152 2502 cfr.
1176 2481 1208 2501 n.
1260 2467 1499 2511 [Ohunradus
1529 2466 1572 2498 de
1596 2466 1746 2498 Luencz
1775 2464 1853 2506 pbr.
1877 2466 1915 2495 et
1937 2474 2015 2496 can.

665 2525 830 2557 ecclesie
854 2522 1184 2564 Salczpurgensis,
1209 2521 1274 2552 cfr.
1291 2531 1321 2551 n.
1367 2518 1576 2560 Hedwigys
1600 2517 1644 2548 de
1661 2515 2016 2558 Herczogenburga

665 2587 809 2609 consor.
826 2575 870 2618 n.]
917 2573 1144 2622 Perichtoldus
1162 2576 1268 2604 custos
1285 2571 1389 2604 dictus
1404 2564 1559 2611 Tuechei,
1582 2569 1652 2611 pbr.
1671 2571 1704 2600 et
1722 2568 1759 2599 fr.
1775 2579 1805 2599 n.
1851 2567 2016 2609 Nycolaus

459 2709 483 2738 ³)
502 2716 604 2733 annexe
625 2707 682 2732 cod.
788 2704 813 2736 b)
832 2704 919 2730 Lectio
941 2704 1048 2729 incerta.
1154 2702 1176 2734 ὓ)
1196 2702 1219 2728 Ι.
1233 2710 1253 2727 e.
1273 2701 1452 2726 Streitwiesen.
1559 2698 1584 2731 d)
1603 2699 1627 2725 I.
1641 2707 1661 2724 e.
1681 2699 1744 2724 eius.
1849 2697 1873 2728 θ)
1895 2695 2017 2729 Sequitur

354 2753 425 2777 locus
443 2760 527 2777 rasus.
613 2749 632 2782 s)
652 2750 686 2775 In
705 2749 821 2781 margine
839 2748 875 2773 ad
893 2748 940 2773 hoc
958 2752 1020 2772 nota
1038 2746 1157 2779 apposita
1175 2750 1218 2778 esi,
1237 2753 1302 2777 quae
1321 2744 1424 2770 omnino
1443 2744 1494 2776 leqi
1511 2743 1603 2775 nequit.
1690 2741 1715 2774 8)
1734 2741 1823 2767 Corn:
1840 2739 2016 2766 Gleisbaeher.

462 2833 481 2865 ¹)
502 2834 669 2859 κιο-1523.
