2150 3178
407 768 956 828 FRAGMENTA
991 768 1051 828 N
1054 767 1528 828 ECROLOGII
1563 769 1655 829 IN
1659 769 1929 829 CERTI.

444 911 562 956 Codeae
596 925 658 955 684
694 924 826 956 nmioris
855 924 979 964 formae
1013 923 1269 956 membranaceus
1304 924 1341 955 in
1373 923 1555 956 bibliotheca
1588 934 1736 957 caesarca
1770 924 2004 958 Vindobonensi

334 979 528 1014 asservatus,
562 977 631 1016 qui,
666 979 703 1008 ut
732 976 902 1008 anathema
926 977 1037 1016 priore
1065 976 1101 1007 in
1130 978 1303 1017 teyumento
1333 976 1541 1016 inscriptum:
1572 976 1659 1015 „Iste
1690 976 1766 1009 liber
1787 977 1930 1017 pertinet
1957 977 2003 1010 ad

334 1040 359 1060 s.
376 1028 523 1060 Mariam
552 1028 589 1060 in
611 1027 772 1066 Kotwich‚
803 1039 894 1069 quem
923 1028 953 1060 si
982 1028 1056 1069 quis
1076 1027 1195 1068 fraude
1220 1027 1268 1060 vel
1296 1028 1327 1059 vi
1349 1027 1527 1066 abstulerit,
1558 1028 1730 1061 anathema
1751 1029 1823 1068 sit“,
1857 1031 2002 1068 testatur,
2049 1033 2051 1036 ’

335 1080 521 1112 monasterii
547 1080 768 1112 Gottwicensis
794 1080 884 1111 haud
912 1080 1005 1112 dubie
1033 1080 1194 1120 quondam
1222 1082 1304 1118 erat,
1334 1079 1423 1119 foliis
1449 1079 1570 1112 duobus
1592 1083 1732 1112 extrema
1758 1081 1795 1113 in
1812 1083 1908 1120 parte
1929 1091 2002 1114 con·-

332 1132 503 1173 ylutinatis
524 1131 692 1173 necroloyii
708 1135 783 1172 post
805 1143 929 1164 annum
946 1132 1030 1163 1141
1053 1134 1149 1173 atoue
1170 1134 1244 1164 ante
1266 1142 1388 1164 annum
1405 1132 1492 1164 1147
1509 1132 1607 1164 scribi
1625 1133 1725 1173 coepti
1744 1135 1840 1173 atque
1853 1143 1933 1165 saec.
1950 1133 2002 1166 15.

340 1185 489 1217 Gottwici
511 1185 596 1216 notis
617 1183 778 1224 aliquibus
799 1184 1002 1225 necroloyicis
1023 1184 1113 1216 aucti
1134 1184 1314 1225 fraymcnta
1337 1184 1483 1216 continet.
1537 1184 1602 1225 Qui
1622 1185 1719 1217 codex
1741 1195 1813 1217 cum
1835 1195 1860 1217 s.
1877 1184 2005 1218 Hilarii

337 1237 550 1269 Pictaviensis
578 1247 673 1278 opera
700 1235 936 1276 complectatur,
965 1247 986 1268 a
1008 1236 1180 1277 necrologio
1203 1236 1239 1268 in
1264 1235 1374 1268 Gallia
1397 1235 1556 1275 inchoato,
1588 1237 1738 1270 Gottwici
1759 1247 1829 1270 vero
1852 1247 1891 1270 ea·
1907 1239 2004 1278 parte

336 1290 520 1321 continuato
543 1289 693 1329 oriyinem
717 1289 872 1328 accepisse
894 1288 1022 1321 tabulae
1041 1288 1183 1321 codicum
1207 1287 1407 1320 bibliothecae
1427 1298 1592 1321 caesareae
1611 1287 1859 1321 Vindobonensis
1878 1289 2005 1330 docent‚·

336 1352 418 1382 quac
449 1340 590 1372 alicuius
618 1341 757 1373 coenobii
787 1341 822 1372 in
844 1340 1041 1382 Buryundia
1070 1341 1126 1372 siti
1152 1340 1254 1380 fuisse
1279 1340 1436 1382 referunt.
1486 1340 1695 1381 Fraymcnta,
1725 1351 1858 1382 quorum
1884 1341 2004 1384 folium

336 1394 472 1426 alterum
495 1395 669 1433 teyumento
685 1393 858 1432 posteriori
879 1393 1040 1433 quondam
1062 1392 1296 1434 ayqlutinatum
1315 1393 1392 1435 fuit,
1415 1403 1503 1425 nunc
1525 1402 1595 1424 vero
1616 1392 1788 1425 resolutum
1810 1395 1856 1426 est
1878 1412 1921 1418 --
1942 1403 2004 1434 quo

336 1447 383 1486 tit,
408 1448 444 1477 ut
467 1448 560 1476 notae
576 1445 689 1485 plures
711 1445 746 1476 in
762 1454 796 1476 eo
812 1445 985 1485 inscriptae
1007 1447 1088 1476 certe
1103 1444 1163 1486 leyi
1176 1447 1334 1486 nequeant
1350 1463 1388 1469 -—
1407 1445 1524 1476 mensis
1538 1444 1693 1476 Ianuarii
1708 1445 1776 1477 dies
1790 1455 1811 1476 a
1826 1444 1862 1477 X
1870 1444 1923 1477 VI.
1939 1444 2004 1478 kal.

337 1508 437 1538 usque
464 1498 508 1528 ad
534 1497 617 1529 diem
643 1495 705 1528 kal.
727 1496 902 1528 Februarii
928 1499 1023 1537 atque
1049 1497 1116 1528 dies
1145 1507 1166 1528 a
1194 1496 1268 1528 VII.
1290 1496 1333 1528 id.
1350 1496 1526 1529 Februarii
1551 1507 1650 1538 usquc
1676 1497 1720 1529 ad
1747 1497 1790 1529 X.
1806 1496 1868 1529 kal.
1885 1497 2006 1530 Martii

339 1550 506 1582 continent.

443 1601 672 1642 Nccroloqium,
696 1601 788 1641 quod,
811 1603 968 1641 quantum
985 1601 1166 1632 coniectura
1181 1601 1341 1641 auyurari
1354 1611 1532 1641 possumus,
1548 1601 1715 1634 cuiusdam
1730 1601 1867 1634 coenobii
1882 1601 2006 1634 ordinis

338 1666 362 1686 s.
380 1654 557 1692 Benedicti,
580 1654 828 1694 conyreyationis
847 1652 1079 1691 Cluniacensis,
1101 1653 1259 1694 quondam
1275 1653 1350 1692 fuit,
1373 1655 1467 1685 notas
1481 1655 1634 1694 quattuor
1647 1653 1706 1685 sub
1721 1652 1826 1685 titulis
1840 1653 2006 1686 monacho-

338 1718 419 1744 rum,
448 1707 646 1744 novitiorum,
672 1707 814 1747 fratrum
836 1717 876 1738 ac
897 1706 1112 1745 familiarium
1134 1706 1301 1746 disposuit,
1330 1717 1407 1747 quos
1428 1706 1518 1747 siylis
1539 1706 1589 1741 M.
1606 1706 1643 1747 (i.
1660 1717 1685 1738 e.
1703 1705 1874 1746 monachi),
1898 1705 2004 1740 NOV.

339 1760 375 1800 (i.
393 1770 416 1791 c.
432 1759 569 1800 novitii),
592 1758 689 1791 FRS.
715 1759 751 1799 (i.
769 1769 793 1790 e.
810 1759 954 1799 fratres),
978 1757 1092 1790 FAM.
1116 1758 1152 1798 (i.
1169 1769 1193 1790 e.
1210 1758 1403 1800 familiares)
1428 1758 1512 1801 typis
1533 1758 1754 1800 expressimus.

443 1811 545 1843 Notas
566 1811 706 1842 auctoris
728 1820 827 1842 manu
849 1820 928 1842 saec.
945 1809 997 1841 12.
1015 1810 1188 1849 inscriptas
1210 1809 1325 1842 litteris
1347 1810 1522 1842 maioribus
1544 1809 1644 1842 latius
1666 1810 1841 1850 dispositis,
1868 1810 1907 1842 ab
1929 1809 2006 1842 aliis

338 1866 488 1896 sacc.1.2.
510 1863 654 1895 librariis
685 1863 843 1902 ascriptas
869 1861 985 1894 litteris
1013 1862 1188 1894 maioribus
1217 1861 1316 1894 latius
1342 1862 1506 1903 dispositis
1527 1863 1619 1894 uncis
1642 1862 1788 1900 inclusis,
1820 1864 1914 1894 notas
1934 1871 2005 1894 vero

339 1926 419 1948 saec.
437 1917 487 1948 15.
509 1915 657 1948 Gottwici
679 1915 820 1946 adiectas
842 1913 956 1946 litteris
978 1914 1153 1946 maioribus
1175 1914 1408 1954 exscripsimus.

1033 2064 1115 2100 IAN
1119 2063 1312 2101 UARIUS.

341 2150 382 2177 17.
428 2147 573 2175 XVI.kal.
600 2143 889 2176 M.Ob Si1vio.
937 2143 1137 2175 Virvictor.
1184 2142 1345 2185 [Petrus.
1391 2142 1547 2186 Herba]

600 2196 931 2228 FAM.Vivianus.
981 2195 1182 2228 Firminus.
1234 2196 1349 2238 AgyS.
1400 2195 1603 2227 Robertus.
1651 2194 1811 2238 [Petrus.
1857 2195 2004 2228 Haimo.

652 2248 835 2280 Andreas.
882 2247 1133 2291 Agaparnus]

341 2310 383 2338 18.
442 2310 502 2337 XV.
515 2310 573 2337 kal.
601 2304 650 2336 M.
677 2304 741 2336 Ob.
760 2304 962 2336 Guarinus.

600 2357 698 2389 FRS.
732 2357 934 2389 Herveius.
989 2357 1136 2389 Petrus.
1189 2357 1421 2389 Warnerius.
1481 2356 1734 2388 Christianus.
1791 2355 2003 2398 [Iohannes.

653 2409 838 2441 Eldolfus.
893 2409 1094 2441 Gernotus.
1147 2409 1382 2451 Egilbertus.
1429 2408 1693 2440 Oonstancius.
1738 2407 1900 2440 Wezelo.
1945 2407 2003 2440 Io-

652 2462 806 2493 hannes.
853 2461 1081 2493 Rainardus.
1127 2460 1244 2504 Aizo.]

600 2513 714 2545 FAM.
739 2513 1019 2552 Willehelmus,
1044 2512 1300 2545 Cathabensis
1324 2513 1433 2554 eps.¹)

341 2576 382 2603 19.
429 2574 574 2601 X1V.ka1.
602 2570 652 2602 M.
677 2569 874 2601 Ob.Cono.
921 2569 1148 2611 Stephanus.
1196 2568 1438 2613 [Eberardus.
1484 2567 1663 2611 Amicum]

602 2621 700 2653 FRS.
731 2620 926 2652 Girardus.
973 2621 1200 2653 Bernardus.
1246 2621 1485 2653 Fulcherius.
1531 2619 1732 2652 Rodulfus.
1778 2618 2002 2651 Richardus.

653 2673 896 2705 &Valtherius
949 2672 1220 2714 Berengerius.
1269 2672 1500 2705 Romundus.
1552 2671 1808 2714 [Raimuudus.
1854 2670 2002 2703 Tende-

653 2726 762 2757 ricus.
809 2724 1017 2756 Wilelmus.
1065 2724 1287 2767 Wilelmus]

448 2847 467 2877 ¹)
488 2845 596 2871 Forsan
617 2845 776 2872 Gnilielmus
794 2853 846 2878 eps.
863 2845 1039 2879 Vapincensis
1056 2844 1147 2878 (Gap)
1165 2845 1195 2870 in
1218 2845 1311 2871 Gallia
1330 2847 1499 2877 1130—1149.
