2150 3178
463 181 678 209 CATALOGUS
695 181 1058 210 ANNIVERSARIORUM
1075 182 1303 210 MONASTERII
1322 183 1348 210 S.
1362 182 1498 211 CRUCIS.
1749 188 1802 218 121

161 268 204 296 10.
221 267 256 294 In
273 266 389 294 Octobri
406 267 536 295 osannae
555 272 653 301 com⁸⁹,
671 276 744 302 quae
762 267 884 295 contulit
901 268 982 296 nobis
995 268 1119 296 Windeu
1137 268 1167 295 in
1185 269 1319 304 Ungaria.

159 311 201 338 11.
220 310 253 337 In
271 310 424 338 Novembri
443 310 528 337 Belae
546 311 621 346 regis
638 310 789 346 Ungariae,
812 311 861 345 qui
879 312 1004 339 montem
1021 320 1106 346 penes
1119 311 1241 339 Winden
1261 322 1323 340 cum
1342 313 1432 341 vmeis
1451 315 1480 341 et
1498 313 1558 341 iure
1576 315 1708 342 montano
1727 315 1808 342 nobis

221 353 349 381 contulit.
386 353 461 380 Olim
479 353 539 381 eius
558 353 653 381 anniv.
667 354 864 382 celebrabatur
881 354 975 381 idibus
992 354 1067 382 Iulii.

159 396 200 426 12.
219 396 252 423 In
270 396 418 424 Decembri
435 396 545 424 Alberti
563 397 643 424 ducis
661 397 804 429 Austriae,
828 397 984 425 fundatoris
1003 397 1162 425 carthusiae
1181 397 1382 431 Gamincensis,
1405 399 1454 433 qui
1471 400 1594 434 plurima
1612 401 1734 436 insignia
1752 401 1807 436 pri-

219 439 333 475 vilegia,
352 439 453 474 quibus
472 440 506 467 de
525 440 602 467 facto
619 440 744 472 fruimur,
763 440 846 468 nobis
864 439 943 467 dedit
960 440 1213 475 monasteriumque
1231 441 1268 468 ab
1287 442 1406 476 ungeldt
1424 442 1535 469 exemit.

229 559 465 602 Sequuntur
493 561 657 604 reliqua
684 561 837 594 anniv¹⁸
868 561 964 593 olim
992 560 1123 593 adhuc
1152 572 1187 593 a.
1215 564 1316 594 1516
1346 562 1555 595 celebrari
1584 565 1726 598 solita:

175 629 200 655 1.
219 627 325 659 Quarto
343 637 407 656 non.
421 629 488 656 Iulii
504 629 619 657 Hem-ici
636 629 715 657 ducis
726 629 865 662 Austriae,
884 631 1069 665 cognomento
1082 628 1216 662 Crudelis,
1236 629 1285 663 qui
1304 630 1383 657 dedit
1400 630 1481 658 nobis
1500 632 1551 659 100
1562 641 1670 660 marcas
1688 636 1807 670 argenti.

174 671 199 698 2.
218 671 314 698 Idibus
326 671 451 699 Ianuarii
468 672 562 699 anniv.
573 672 690 700 Ursulae
702 672 852 705 Urbetene,
871 681 943 707 quae
961 672 1040 700 dedit
1051 672 1132 700 nobis
1144 672 1196 700 300
1207 673 1258 700 tal.
1273 674 1304 706 ὁ),
1323 674 1485 707 quindecim
1498 677 1528 702 et
1539 676 1662 703 medium
1674 677 1807 706 florenum

218 715 247 742 et
265 714 384 747 vineam,
403 723 476 749 quae
495 715 599 742 dicitur
617 715 727 747 Kelner,
746 716 868 743 debebat
886 715 946 743 fieti
963 717 1089 751 tempore
1107 717 1137 743 et
1155 716 1217 743 loco
1236 717 1416 751 competenti.

173 758 198 784 3.
216 757 347 785 Calendis
358 758 464 792 Aprilis
476 758 569 785 anniv.
583 758 610 785 di
622 758 741 786 Conradi
757 759 802 794 epi
813 758 1008 794 Frisingensis,
1025 758 1073 793 qui
1088 759 1167 786 dedit
1179 759 1260 786 nobis
1274 758 1342 788 1000
1352 760 1470 788 florenos
1483 763 1512 788 et
1526 762 1577 789 100
1587 763 1613 790 ‹U›
1630 763 1662 797 ὰ,
1680 764 1807 798 sepultus

216 800 246 827 in
265 799 428 836 Campililio
446 801 574 836 quiescit.

173 843 199 871 4.
218 843 352 871 Kalendis
368 844 438 871 Maii
461 845 553 871 anniv.
571 845 683 872 Alberti
708 845 783 880 regis
801 845 999 877 Romanorum,
1024 845 1073 879 qui
1095 845 1257 873 aedificavit
1279 847 1359 874 nobis
1383 848 1523 882 capellam
1546 849 1716 877 infirmorum
1740 850 1806 879 divo

215 886 330 914 Erasmo
352 895 473 921 sacram,
497 887 580 916 hodie
603 897 623 915 s.
640 888 776 915 Bernardi
798 890 1002 923 nuncupatam,
1027 889 1276 924 correspondenter
1298 890 1335 917 ad
1357 890 1431 918 diem
1450 891 1574 920 eiusdem
1592 892 1698 925 obitus,
1723 902 1806 928 quem

216 930 259 957 ita
277 929 470 965 Sigismundus
488 931 609 958 Bircken
632 931 660 958 in
678 940 728 959 suo
747 931 866 966 Speculo
884 931 1031 959 Austriaco
1050 932 1203 959 honorifico
1224 933 1292 960 folio
1312 934 1364 961 246
1381 934 1527 969 specificat
1545 944 1596 970 pro
1614 945 1640 963 a.
1656 936 1723 964 1308
1742 946 1806 965 vero

216 973 380 1007 sen'bens1)=
666 983 758 1010 Annis
775 983 906 1017 completis
922 986 979 1011 octo
995 992 1055 1011 cwm
1072 984 1142 1010 mille
1158 985 1282 1011 trecentis

1243 1037 1281 1054 em

663 1027 1347 1105 zffmz‘fflztiwmffiffi

216 1119 341 1155 Septimo
360 1120 416 1148 kal.
429 1120 555 1148 Ianuarii
573 1121 666 1149 anniv.
679 1121 706 1148 di
725 1121 862 1157 Stephani
880 1122 915 1149 de
934 1121 1095 1158 Ciciling·)‚
1114 1122 1163 1157 qui
1181 1123 1260 1151 dedit
1277 1124 1359 1151 nobis
1377 1124 1429 1151 200
1442 1125 1491 1152 tal.
1510 1125 1531 1157 ᾧ.
1551 1134 1601 1159 pro
1619 1126 1744 1154 servitio.

216 1162 312 1191 Tertio
330 1163 368 1191 id.
381 1163 526 1191 Februarii
545 1164 639 1191 anniv.
652 1165 727 1200 magi
744 1165 859 1193 Henrici
878 1165 912 1193 de
931 1165 1044 1199 Hassia,
1067 1166 1117 1200 qui
1140 1166 1219 1194 dedit
1236 1166 1316 1194 nobis
1335 1167 1370 1194 20
1381 1168 1432 1195 tal.
1450 1168 1472 1201 o}
1491 1168 1596 1202 quique
1614 1169 1686 1197 alias
1704 1179 1804 1206 cogno-

214 1206 377 1234 minabatur
399 1207 433 1234 de
457 1207 659 1243 bingensi-ein,
686 1217 742 1243 quo
767 1209 878 1236 nomine
906 1209 992 1237 etiam
1019 1209 1135 1243 quidam
1159 1210 1286 1238 Andreas
1312 1211 1502 1246 Langenstein
1528 1220 1553 1239 a.
1575 1212 1642 1240 1392
1668 1215 1805 1241 rectorem

214 1249 394 1285 magnificum
411 1250 441 1277 in
454 1250 638 1279 universitate
647 1251 759 1279 Wienn.
772 1252 840 1287 egit,
859 1253 894 1280 de
911 1261 967 1287 quo
979 1252 1104 1280 dubitari
1117 1254 1219 1288 potest,
1238 1255 1333 1281 utrum
1345 1262 1400 1281 non
1412 1254 1497 1282 fuerit
1510 1255 1649 1289 professus
1662 1256 1688 1283 S.
1699 1256 1803 1291 Crucis,

214 1301 277 1320 cum
299 1294 372 1321 teste
391 1293 475 1321 Petro
493 1294 643 1322 Lambecio
666 1295 696 1322 in
714 1303 764 1322 sua
783 1304 912 1323 caesarea
930 1295 1106 1324 bibliotheca
1124 1296 1196 1324 libro
1213 1297 1238 1324 2.
1258 1297 1354 1331 capite
1371 1298 1396 1325 5.
1409 1298 1478 1325 folio
1497 1298 1548 1325 160
1566 1301 1595 1326 et
1614 1300 1677 1327 162:
1702 1300 1735 1327 fr.
1746 1301 1802 1328 An-

213 1336 293 1363 dreas
306 1336 332 1363 S.
343 1335 438 1364 Crucis
450 1337 520 1372 prof.
533 1346 559 1365 a.
571 1337 639 1365 1388
651 1337 782 1372 primitus
800 1340 910 1366 creatus
929 1339 967 1366 sit
985 1338 1014 1365 in
1033 1339 1086 1366 hac
1105 1339 1290 1367 universitate
1309 1340 1339 1367 in
1357 1349 1453 1369 sacrae
1471 1341 1633 1378 theologiae
1652 1343 1802 1377 doctorem,

213 1388 352 1413 quemque
370 1379 457 1407 etiam
474 1388 523 1407 rex
540 1380 654 1415 quidam
667 1381 810 1417 Ungariae
828 1381 858 1408 in
875 1391 956 1409 suum
973 1391 1090 1416 regnum
1109 1383 1145 1410 ad
1164 1383 1319 1410 docendum
1337 1384 1488 1418 expetiisse
1506 1385 1586 1412 iuxta
1599 1386 1803 1414 vetustissimas

213 1421 349 1457 epistolas
367 1423 555 1458 cognovimus.
591 1423 641 1452 Ob.
654 1425 750 1451 autem
762 1424 898 1452 Henricus
915 1425 950 1452 de
962 1425 1064 1453 Hassia
1082 1434 1106 1452 a.
1119 1426 1185 1453 1397
1203 1425 1249 1454 die
1263 1427 1304 1454 11.
1318 1427 1472 1461 Februarii,
1491 1428 1537 1455 cui
1550 1428 1650 1456 Petrus
1668 1429 1703 1457 de
1714 1429 1803 1457 Levin

213 1464 304 1500 ipsius
321 1465 400 1492 fami·
417 1467 477 1494 tale
494 1466 564 1494 fecit
581 1466 772 1502 epitaphiumz

661 1519 790 1547 Mortales
807 1520 898 1547 cuncti
914 1522 1014 1547 moveat
1031 1528 1076 1547 vos
1094 1521 1187 1548 tumba
1203 1522 1300 1555 sepulti

661 1562 798 1590 Hassonis
817 1562 929 1590 Hevm’m?
945 1564 1076 1591 vermibus
1093 1565 1213 1598 masiti.

660 1606 738 1633 Mors
756 1609 795 1633 est
812 1615 831 1633 a
848 1609 930 1642 tergo,
947 1607 1053 1641 sapiens
1070 1607 1147 1635 homo
1165 1616 1191 1634 se
1203 1611 1285 1642 paret
1302 1616 1372 1644 erqo.

170 1655 193 1682 7.
212 1654 338 1690 Septimo
361 1655 414 1683 cal.
432 1655 506 1683 Iunii
529 1657 687 1685 habebatur
708 1658 801 1686 anniv.
819 1667 870 1694 pro
892 1659 1020 1686 omnibus
1041 1659 1172 1687 fidelibus
1194 1660 1334 1688 defunctis
1358 1670 1420 1688 cnm
1444 1661 1534 1688 tribus
1552 1661 1656 1694 missis,
1683 1670 1800 1696 quarum

212 1697 305 1733 prima
323 1699 491 1727 cantabatur
509 1700 543 1728 de
561 1706 612 1727 sm·
629 1700 768 1735 trinitate,
787 1702 910 1730 secunda
927 1711 978 1737 pro
996 1703 1144 1735 defunctis,
1163 1703 1249 1731 tertia
1268 1704 1302 1731 de
1321 1704 1347 1731 b.
1361 1704 1479 1740 virgine.

299 1741 428 1776 Quinque
441 1743 562 1778 denique
579 1744 690 1771 anniv¹⁸
707 1753 758 1779 pro
777 1745 1009 1773 confraternitate
1028 1746 1151 1781 corporis
1164 1746 1270 1774 Christi
1279 1746 1405 1775 Viennae
1419 1747 1553 1775 videlicet
1565 1748 1640 1775 omni
1653 1748 1771 1783 angaria
1778 1749 1801 1784 ²)

212 1786 242 1812 et
260 1785 335 1813 circa
351 1785 455 1813 festum
473 1786 596 1814 onmium
614 1792 700 1822 80111111,
719 1797 774 1822 quo
791 1788 972 1824 angariorum
989 1791 1116 1824 tempore
1135 1789 1222 1818 etiam
1234 1790 1361 1818 Viennae
1379 1790 1409 1817 in
1427 1796 1461 1817 n·
1480 1790 1566 1823 curia,
1591 1799 1654 1818 cum
1672 1792 1800 1827 requisiti

211 1827 360 1861 fueramus,
379 1828 520 1857 dabantur
537 1830 592 1857 duo
610 1830 748 1866 crucigeri
766 1831 938 1866 pauperibus
955 1834 985 1860 et
1002 1832 1075 1859 nihil
1093 1833 1224 1868 amplius.

172 1120 197 1189 ,ΦΨ

246 1942 271 1975 ⁸)
292 1943 410 1977 Con-ige.-
427 1944 546 1978 Zelking.

250 2019 269 2052 ¹)
287 2019 402 2046 Eosdem
418 2027 515 2054 versus,
534 2028 647 2054 quorum
659 1996 763 2049 ¹tertius
779 2022 827 2049 hoc
845 2022 902 2049 loco
920 2025 1065 2057 commanus
1082 2026 1126 2056 esi,
1145 2023 1221 2050 habet
1239 2023 1298 2050 Ioh.
1312 2023 1471 2051 Vitoduman.
1484 2023 1525 2052 ed.
1542 2024 1576 2052 G.
1588 2024 1619 2051 de
1632 2024 1747 2060 Wyesp.
1758 2028 1799 2053 43.

144 2063 165 2095 ²)
184 2062 210 2089 Ι.
223 2070 243 2090 e.
256 2061 350 2089 diebus
368 2065 498 2097 quattuor
514 2065 669 2098 temporum.

241 2863 326 2891 Nnon.
339 2864 444 2892 Pniv.
1554 2869 1587 2895 16
