2150 3178
559 181 826 209 NECROLOGIUM
844 181 1032 210 CANONIAE
1051 181 1100 208 AD
1118 181 1144 209 S.
1158 181 1409 209 HIPPOLYTUM.
1747 185 1810 215 493

463 268 544 300 diac.
561 268 602 300 de
618 267 827 310 Witingnaw‚
856 268 912 300 cfr.
929 279 959 300 n.
1004 268 1057 300 Fr.
1074 268 1211 301 Iacobus
1235 278 1281 300 cv.
1303 271 1336 300 et
1358 279 1399 300 m.
1421 268 1462 300 de
1485 268 1626 300 Medlico
1651 271 1684 300 et
1706 269 1763 301 cfr.
1779 280 1810 301 n.

466 318 510 346 Fr.
524 319 641 346 lacobus
660 319 828 354 Tantzieger
845 319 907 353 pbr.
920 320 949 346 et
966 328 1002 346 m.
1015 328 1049 347 ex
1067 319 1223 354 'Pegernsee
1242 321 1272 347 et
1290 319 1339 346 cfr.
1351 328 1378 346 n.

154 367 195 393 ll.
265 367 315 393 III.
328 365 366 392 id.
413 361 643 404 Engelradis
672 367 734 394 cv*
757 366 795 394 et
817 373 887 394 sor.
904 374 934 394 n.
986 362 1093 394 Gisla
1116 363 1156 394 d⁸
1180 363 1223 395 de
1246 362 1421 395 Vihofen.
1467 362 1710 403 Walchunus,
1741 362 1811 395 Ge-

462 413 593 445 drudis
616 416 673 445 ux.
698 423 774 445 sua.
821 412 924 456 [Otto
949 414 1094 455 pbr.'de
1117 414 1441 456 Hercenwurgost)
1466 417 1503 445 et
1526 414 1590 446 cfr.
1608 425 1637 446 n.
1684 414 1810 446 Wern-

462 465 576 496 herus
592 464 670 506 pbr.
688 464 819 496 domus
835 464 864 495 εἰ
879 465 1066 507 Floriani,
1090 466 1155 497 cfr.
1172 465 1216 508 n.]
1254 465 1382 497 Ulricus
1398 476 1444 497 cv.
1462 465 1504 497 de
1522 465 1645 508 Campo
1661 466 1811 507 liliorum,

462 516 518 548 cfr.
534 527 564 547 n.
610 515 774 557 Nycolaus
804 516 845 548 (16
868 516 1078 559 Walthusab)
1105 517 1174 559 pbr.
1197 521 1230 549 et
1257 517 1313 549 cfr.
1334 528 1364 548 n.
1414 517 1531 549 Petrus
1558 527 1622 549 sac.
1645 520 1678 549 et
1704 528 1746 549 m.
1769 517 1810 549 de

460 567 641 609 Zwett(el)‚
671 566 727 599 cfr.
748 578 778 598 n.
828 568 880 599 Fr.
898 568 1060 600 Iohannes
1090 569 1129 600 de
1154 569 1347 610 Tyrnnstain
1375 579 1421 600 cv.
1445 571 1478 600 et
1505 568 1561 600 cfr.
1583 579 1613 600 n.
1665 569 1811 601 Barbara

462 618 549 651 dicta
571 618 779 661 Vaschangin
809 629 871 650 sor.
893 630 923 650 n.
944 619 1068 662 (14)49.
1118 620 1272 652 Nicolaus
1295 620 1336 652 (16
1360 620 1543 652 Tirnnstain
1566 630 1613 651 cv.
1636 623 1669 652 et
1700 620 1755 653 cfr.
1780 631 1809 653 n.

463 669 602 702 Georius
626 670 666 702 de
690 669 778 702 Roer
801 670 870 712 pbr.
888 674 921 702 et
944 671 1000 703 cfr.
1018 682 1047 702 n.

154 725 196 752 12.
279 725 314 752 II.
328 724 364 751 id.
413 721 635 753 Perhardus
668 721 747 763 pbr.
773 725 811 753 et
842 721 884 753 fr.
907 733 936 754 n.
989 722 1212 754 Chunradus
1243 723 1320 765 pbr.
1347 723 1392 755 (16
1423 723 1585 756 Secovia
1620 726 1657 756 et
1690 724 1754 756 cfr.
1779 735 1809 756 n.

461 772 699 816 [Chunradus
728 773 807 815 pbr.
830 773 875 805 (16
905 773 945 805 S„
965 774 1132 815 Andrea,
1162 774 1227 806 cfr.
1244 786 1273 807 n.
1325 775 1519 816 Nycolaus
1546 785 1588 807 m.
1613 777 1650 807 et
1677 785 1750 806 sac.
1774 775 1811 806 in

461 825 842 867 Paoumgartenperg
872 827 910 856 et
938 825 1003 857 cfr.
1027 824 1069 868 n.]
1120 825 1293 858 Hainricus
1323 826 1396 858 abb.
1419 826 1460 858 de
1489 826 1664 868 Zwetel²)‚
1698 826 1754 858 cfr.
1778 837 1807 858 n.

462 876 580 908 Petrus
603 886 695 918 ppos.
713 876 753 908 (16
778 876 814 908 S⁰
829 876 962 908 Andrea
971 876 1009 918 ²),
1033 877 1089 908 cfr.
1106 888 1136 908 n.
1182 878 1277 909 Anna
1301 878 1340 909 de
1364 877 1616 919 Bertholczgarn
1639 888 1762 910 consor.
1779 889 1808 909 n.

460 928 514 959 Fr.
531 928 692 963 Iohannes
716 927 756 959 de
773 927 891 960 Melico
914 928 985 970 pbr.
1003 931 1036 960 et
1059 928 1114 960 cfr.
1131 939 1161 959 n.
1206 929 1246 960 D.
1264 928 1407 961 Thomas
1423 929 1567 961 Truebel
1589 929 1658 971 pbr.
1676 933 1709 961 et
1725 929 1761 961 fr.
1779 940 1808 962 n.

465 981 555 1011 1481.
607 979 774 1011 Oristanus
801 979 842 1011 de
869 979 1047 1012 Novacella
1077 980 1146 1022 pbr.
1170 983 1202 1012 et
1232 980 1287 1012 cfr.
1311 981 1370 1022 n.⁰)
1419 981 1559 1013 Ioannes
1586 980 1738 1023 Strazsky
1768 981 1808 1013 (16

460 1030 638 1072 Witignaw
660 1030 731 1072 pbr.
749 1033 782 1062 et
805 1031 861 1062 cfr.
878 1041 908 1062 n.
955 1036 987 1062 D.
1003 1036 1130 1071 Ieorgius
1147 1037 1385 1064 Kelberscharder
1407 1037 1468 1072 pbr.
1485 1039 1513 1065 et
1533 1037 1582 1065 cfr.
1600 1047 1629 1064 n.
1667 1038 1702 1065 D.
1715 1039 1809 1072 Augu-

461 1081 551 1108 stinus
570 1081 686 1109 Schuetl
705 1081 766 1116 pbr.
779 1082 809 1108 et
828 1082 876 1109 cfr.
888 1091 914 1108 n.

151 1127 193 1156 13.
326 1129 363 1157 id.
413 1124 618 1157 Udalricus
641 1124 720 1167 pbr.
738 1128 776 1157 et
797 1125 840 1157 fr.
857 1136 887 1156 n.
933 1124 1162 1168 [Albrandus
1184 1126 1262 1167 pbr.
1281 1130 1318 1158 ct
1341 1126 1382 1158 fr.
1399 1137 1429 1158 n.
1476 1126 1642 1158 Sifridus
1662 1127 1760 1169 pleb.
1777 1128 1810 1158 in

460 1177 620 1218 Zwetel,
645 1176 709 1208 cfr.
726 1187 756 1208 n.
802 1176 1018 1219 Stephanus
1040 1177 1118 1218 pbr.
1135 1177 1171 1208 in
1188 1176 1532 1218 chremsmunster,
1557 1178 1621 1210 cfr.
1638 1189 1668 1210 n.
1714 1178 1808 1210 Lau-

459 1229 606 1260 rentius
633 1228 678 1260 de
702 1228 906 1270 Witignaw
931 1228 1011 1270 pbr.
1031 1231 1071 1262 fet
1094 1228 1158 1259 cfr.
1176 1227 1219 1270 n.]
1266 1228 1424 1270 Cyringus
1448 1229 1583 1261 ecclesie
1608 1229 1809 1261 Secoviensis

460 1279 530 1322 pbr.
548 1283 581 1312 et
603 1280 660 1312 cfr.
677 1291 707 1311 n.
752 1280 925 1311 Hainricus
941 1279 1041 1322 pbr.¹’)
1065 1280 1096 1311 in
1113 1280 1246 1320 Zwetel,
1271 1280 1327 1311 cfr.
1344 1291 1374 1311 n.
1420 1280 1519 1312 Nota:
1544 1281 1663 1313 festum
1686 1291 1808 1312 annuu-

462 1332 613 1363 eiacionis
634 1331 737 1364 Marie
766 1332 933 1374 peragitur
961 1331 1094 1373 singulis
1122 1332 1213 1363 annis
1235 1331 1424 1363 secundario
1454 1333 1487 1363 in
1510 1332 1670 1364 dominica
1694 1332 1809 1368 Quasi-

461 1382 663 1425 modogeniti
685 1393 744 1425 per
767 1383 874 1414 omnia
897 1382 988 1414 sicud
1016 1383 1049 1414 in
1076 1383 1129 1414 die
1153 1385 1264 1414 sancto
1288 1393 1359 1414 cum
1383 1383 1497 1414 maiori
1520 1384 1614 1425 pulsu
1637 1387 1671 1415 et
1693 1385 1810 1416 ceteris

461 1434 688 1476 attinenciisd),
718 1445 790 1466 cum
813 1435 1018 1476 processione
1042 1434 1083 1466 ad
1107 1435 1319 1476 parrochiam,
1350 1437 1383 1466 et
1406 1445 1448 1466 ex
1470 1435 1531 1466 hoc
1554 1435 1675 1467 habent
1698 1434 1728 1467 (1ἰ
1750 1446 1808 1477 pro

461 1486 686 1517 consolacione
711 1488 730 1518 2
747 1491 777 1517 w
794 1491 832 1527 ᾢ.,
863 1490 897 1518 ct
925 1490 1032 1518 custos
1058 1486 1194 1518 habebit
1219 1497 1278 1528 pro
1302 1486 1397 1528 pulsu
1419 1487 1533 1518 maiori
1557 1490 1590 1519 et
1613 1487 1754 1519 candelis
1777 1491 1811 1520 et

460 1547 519 1578 pro
543 1536 707 1569 laboribus
730 1540 770 1570 60
785 1542 820 1578 oy,
845 1541 878 1569 et
900 1537 961 1570 hec
984 1538 1091 1569 omnia
1114 1537 1261 1579 predicta
1285 1538 1429 1580 porriget
1451 1548 1536 1580 mag.
1553 1539 1585 1569 in
1607 1538 1690 1570 festo
1706 1538 1809 1570 Marie

461 1587 501 1619 de
526 1587 617 1619 bonis
642 1588 759 1630 emptis
782 1589 822 1620 de
846 1589 1087 1632 Ghampschild,
1112 1599 1174 1631 que
1197 1589 1357 1621 habentur
1379 1590 1409 1620 in
1427 1589 1578 1622 Chasten.
1625 1595 1746 1622 Michael
1766 1604 1806 1622 cv.

461 1646 495 1665 ex
513 1639 670 1673 Tegernsee
689 1642 718 1667 et
736 1640 785 1666 cfr.
798 1649 825 1666 n.
861 1640 1048 1675 Wolfgangus
1066 1641 1127 1674 pbr.
1140 1639 1245 1667 ibidem
1264 1642 1293 1667 et
1311 1640 1359 1667 cfr.
1373 1650 1399 1666 n.

150 1686 190 1715 14.
205 1686 308 1714 XVIII.
321 1685 379 1713 kal.
405 1682 584 1714 Alhaidis
613 1688 674 1714 cv*
697 1686 735 1715 et
762 1694 833 1715 sor.
856 1694 886 1715 u.
932 1683 1142 1726 Irmgardis
1171 1688 1233 1715 cv·
1255 1687 1292 1716 et
1315 1694 1385 1715 sor.
1402 1695 1431 1715 n.
1477 1683 1681 1716 Heinricus
1704 1695 1755 1716 cv.
1772 1688 1810 1717 et

459 1735 501 1766 fr.
519 1746 549 1766 n.
585 1733 787 1777 [Rinoldus
802 1735 880 1777 pbr.
898 1739 935 1767 et
954 1735 996 1767 fr.
1013 1735 1072 1777 n.⁹)
1110 1735 1280 1777 Petruss)
1297 1735 1342 1766 (16
1359 1735 1520 1767 Secovia
1536 1735 1614 1777 pbr.
1633 1739 1670 1767 et
1686 1736 1749 1767 cfr.
1767 1735 1808 1779 n.]

459 1785 613 1818 Nicolaus
629 1797 693 1818 sac.
710 1789 744 1818 et
758 1797 800 1819 m.
814 1787 855 1819 (16
871 1786 1004 1828 ZweteL
1021 1787 1076 1819 cfr.
1090 1798 1120 1818 n.
1159 1787 1314 1818 Nicolaus
1330 1787 1362 1828 l.‚
1379 1787 1434 1818 cfr.
1448 1798 1490 1828 n.,
1510 1789 1600 1819 1467.
1638 1787 1679 1819 D.
1692 1787 1810 1819 Petrus

460 1837 536 1869 olim
552 1838 620 1880 inss)
645 1863 652 1870 .
677 1863 684 1870 .
710 1863 716 1870 .
742 1863 749 1870 .
774 1849 875 1880 ppos„
891 1838 973 1880 pbr„
990 1838 1046 1870 cfr.
1058 1849 1099 1880 n.,
1117 1849 1144 1870 a.
1160 1839 1284 1880 (14)38.
1319 1838 1480 1870 Iohannes
1497 1838 1599 1870 dictus
1615 1838 1762 1871 Gebhart
1777 1840 1808 1870 in

458 1889 568 1921 Suben
596 1889 665 1931 pbr.
688 1893 722 1922 et
748 1890 804 1921 cfr.
824 1901 855 1921 n.
900 1890 1028 1922 Ulricus
1053 1890 1094 1922 de
1117 1889 1155 1922 8⁸
1175 1890 1342 1922 Dorothea
1365 1890 1435 1932 pbr.
1457 1892 1490 1922 et
1513 1891 1568 1922 cfr.
1585 1890 1645 1932 n.⁸)
1670 1915 1676 1922 .
1702 1915 1709 1922 .
1734 1914 1742 1922 .
1767 1914 1774 1921 .
1799 1915 1806 1922 .

457 1940 688 1984 Reyssingerin
719 1941 759 1973 de
789 1941 1041 1974 Klainstainfeld
1071 1952 1194 1974 consor.
1212 1953 1241 1973 n.
1295 1941 1335 1973 D.
1357 1941 1494 1973 Iacobus
1524 1952 1593 1973 can.
1617 1942 1709 1973 monii
1733 1942 1805 1973 dive

458 1992 625 2025 Dorothee
642 1993 787 2031 Wienn.‚
818 1993 873 2024 cfr.
891 2004 920 2024 n.
966 1998 1011 2024 Fr.
1029 1998 1170 2025 Iohannes
1194 2007 1236 2025 cv.
1253 1998 1330 2032 apud
1353 1995 1453 2032 (mon.)
1462 1992 1490 2031 h)
1514 1997 1662 2025 Scotorum
1678 1998 1807 2031 Wienne,

461 2043 510 2070 cfr.
524 2053 551 2070 n.
589 2044 620 2071 D.
634 2044 751 2071 Ioannes
770 2045 877 2078 Angrer
896 2053 955 2071 can.
969 2053 1002 2071 ex
1021 2044 1184 2076 Novacella,
1205 2045 1264 2079 pbr.
1279 2046 1307 2072 et
1326 2045 1374 2071 cfr.
1388 2054 1412 2071 n.

150 2090 191 2116 15.
226 2090 314 2117 XVII.
327 2090 384 2118 kal.
412 2087 506 2119 Otto
538 2088 558 2119 l.
587 2087 710 2119 dictus
741 2087 874 2119 Durro.
930 2087 1135 2120 Heinricus
1169 2088 1213 2120 de
1244 2088 1475 2130 Neunburga
1507 2088 1584 2129 pbr.
1614 2091 1652 2119 et
1685 2088 1749 2120 cfr.
1778 2099 1807 2119 n.

460 2137 676 2181 [Heinricus
699 2138 830 2171 Waser
857 2138 934 2181 pbr.
959 2139 1003 2171 de
1027 2139 1191 2171 Medlico
1220 2143 1259 2171 et
1284 2140 1346 2171 cfr.
1364 2150 1394 2170 n.
1439 2139 1622 2171 Nicolaus
1645 2139 1689 2171 de
1713 2139 1807 2171 Her-

460 2190 676 2232 czogburga
703 2190 780 2232 pbr.
803 2193 840 2222 et
867 2190 932 2222 cfr.
952 2190 997 2237 n.]
1042 2191 1203 2223 Iohannes
1226 2191 1295 2232 pbr.
1318 2194 1350 2223 et
1373 2202 1414 2223 m.
1433 2191 1473 2222 de
1497 2190 1533 2223 8⁸
1555 2190 1673 2231 Oruce,
1704 2191 1759 2222 cfr.
1777 2201 1806 2222 n.

459 2241 627 2273 Gotfridus
650 2241 691 2274 (16
707 2242 827 2274 Voraw
849 2243 1015 2284 utriusque
1037 2243 1113 2274 iuris
1129 2242 1322 2283 licentiatus,
1345 2242 1414 2285 pbr.
1433 2246 1465 2274 et
1481 2243 1537 2274 cfr.
1554 2253 1583 2274 n.
1629 2243 1808 2274 Katherina

459 2291 831 2325 Helfendoerferin-m112
855 2293 896 2325 de
919 2294 1211 2336 Berchtersgaden,
1235 2304 1358 2326 consor.
1376 2305 1406 2325 n.
1451 2294 1616 2326 Erhardus
1639 2294 1680 2326 de
1703 2293 1808 2325 Roerr

460 2344 530 2385 pbr.
549 2347 582 2376 et
598 2344 654 2376 cfr.
667 2355 696 2376 n.
735 2345 775 2376 D.
788 2345 928 2376 Lasarus
945 2345 985 2377 de
1002 2345 1187 2388 Ncwburga
1203 2346 1273 2387 pbr.
1291 2349 1324 2377 et
1340 2345 1395 2377 cfr.
1408 2356 1437 2376 n.
1476 2345 1516 2377 D.
1530 2346 1647 2377 Petrus
1662 2345 1807 2377 Doerffel

463 2394 503 2427 de
519 2394 602 2426 Hals
626 2395 694 2437 pbr.
711 2399 744 2427 et
768 2396 823 2427 cfr.
840 2407 870 2427 n.
915 2396 1044 2438 Regina
1067 2396 1129 2428 m¹⁵⁵
1145 2396 1185 2428 de
1203 2396 1238 2428 S⁰
1254 2396 1374 2428 Iacobo
1399 2399 1431 2428 et
1447 2406 1570 2428 consor.
1587 2407 1618 2428 n.
1662 2396 1702 2428 D.
1720 2396 1806 2428 Tho-

459 2456 530 2477 mas
552 2446 718 2488 Knoeperl
741 2457 809 2479 can.
828 2447 868 2479 de
884 2447 1124 2490 Herczoburga,
1148 2448 1217 2489 pbr.
1235 2451 1269 2479 et
1292 2448 1347 2480 cfr.
1364 2459 1394 2479 n.
1439 2447 1479 2479 D.
1498 2447 1714 2480 Colomannus
1736 2448 1805 2490 pbr.

461 2501 494 2529 et
516 2497 572 2529 cfr.
589 2508 620 2529 n.
665 2503 698 2529 D.
715 2503 887 2538 Pangracius
911 2512 972 2531 can.
991 2513 1024 2531 ex
1047 2503 1208 2536 Novacella,
1231 2504 1292 2538 pbr.
1311 2506 1340 2531 et
1363 2504 1413 2531 cfr.
1429 2513 1457 2530 n.

253 2595 277 2628 ⁸)
295 2596 313 2621 i.
331 2605 352 2622 e.
370 2597 597 2630 Herzogenburga.
702 2597 727 2630 ¹¹)
747 2598 868 2631 Sequitur
891 2599 962 2624 loom
984 2607 1061 2624 rasus
1084 2599 1177 2625 minor.
1282 2598 1305 2630 c)
1323 2599 1442 2624 Nominis
1465 2599 1539 2624 huius
1562 2603 1623 2624 nota
1645 2600 1806 2632 necroloqica

150 2638 206 2672 fere
225 2647 311 2666 erasa.
415 2638 440 2672 d)
460 2640 513 2665 Vox
530 2649 562 2666 ex
575 2645 654 2673 parte
671 2649 753 2673 cupra
772 2642 855 2667 locum
872 2650 961 2666 rasum
980 2642 1083 2674 scripta.
1189 2642 1212 2673 θ)
1231 2641 1379 2674 Sequuntur
1396 2646 1472 2667 notae
1489 2642 1673 2674 vzecroloqicae,
1692 2650 1757 2675 quae
1775 2651 1806 2668 ea:

146 2687 224 2714 parte
242 2682 319 2707 eliam
337 2682 411 2708 lineis
428 2683 565 2708 exstinctae
579 2688 645 2709 sunt.
732 2682 752 2715 s)
772 2684 893 2717 Sequitur
906 2685 976 2710 locus
987 2693 1064 2709 rasus
1077 2685 1170 2716 minor,
1188 2693 1237 2717 quo
1250 2684 1361 2709 nominis
1372 2689 1434 2710 nota
1446 2685 1570 2710 exstincta
1582 2689 1625 2710 eet.
1713 2684 1739 2717 Β)
1758 2685 1806 2711 Se·

150 2725 248 2757 quentis
266 2725 377 2750 nominis
393 2730 456 2751 nota
473 2726 591 2752 radendo
610 2726 695 2752 deleta
712 2731 755 2752 est.
859 2726 886 2759 11)
905 2736 972 2753 mon.
985 2727 1108 2759 aupplevi.

257 2797 277 2829 ¹)
296 2795 442 2823 Hem-icus
460 2797 501 2824 ΙΙ.
514 2805 535 2824 c.
547 2801 612 2825 1403
626 2797 813 2831 praelaturam
830 2798 984 2833 resignavit,
1002 2798 1040 2825 ob.
1053 2807 1078 2825 a.
1090 2798 1141 2825 inc.
1247 2799 1268 2831 ²)
1287 2798 1384 2825 Petrus
1401 2798 1442 2826 11.
1456 2802 1622 2826 1411—1421.
