<?xml version="1.0" encoding="UTF-8"?>
<!DOCTYPE html PUBLIC "-//W3C//DTD XHTML 1.0 Transitional//EN"
    "http://www.w3.org/TR/xhtml1/DTD/xhtml1-transitional.dtd">
<html xmlns="http://www.w3.org/1999/xhtml" xml:lang="en" lang="en">
 <head>
  <title>
</title>
<meta http-equiv="Content-Type" content="text/html;charset=utf-8" />
  <meta name='ocr-system' content='tesseract 3.04.00' />
  <meta name='ocr-capabilities' content='ocr_page ocr_carea ocr_par ocr_line ocrx_word'/>
</head>
<body>
  <div class='ocr_page' id='page_1' title='image "./monumentagerman05geseuoft_0211.png"; bbox 0 0 2150 3178; ppageno 0'>
   <div class='ocr_carea' id='block_1_1' title="bbox 303 174 1787 231">
    <p class='ocr_par' dir='ltr' id='par_1_1' title="bbox 303 174 1787 231">
     <span class='ocr_line' id='line_1_1' title="bbox 303 174 1787 231; baseline 0 -5"><span class='ocrx_word' id='word_1_1' title='bbox 303 197 427 226; x_wconf 83' lang='lat' dir='ltr'>NOTAE</span> <span class='ocrx_word' id='word_1_2' title='bbox 445 197 492 225; x_wconf 85' lang='lat' dir='ltr'><strong>DE</strong></span> <span class='ocrx_word' id='word_1_3' title='bbox 510 196 705 225; x_wconf 84' lang='lat' dir='ltr'>SEPULORIS</span> <span class='ocrx_word' id='word_1_4' title='bbox 724 195 877 223; x_wconf 80' lang='lat' dir='ltr'><strong>PATRUM</strong></span> <span class='ocrx_word' id='word_1_5' title='bbox 894 196 1071 224; x_wconf 78' lang='lat' dir='ltr'>MINORUM</span> <span class='ocrx_word' id='word_1_6' title='bbox 1090 196 1139 224; x_wconf 87' lang='lat' dir='ltr'><strong>AD</strong></span> <span class='ocrx_word' id='word_1_7' title='bbox 1158 197 1184 225; x_wconf 84' lang='lat' dir='ltr'><strong>S.</strong></span> <span class='ocrx_word' id='word_1_8' title='bbox 1197 174 1347 225; x_wconf 66' lang='lat' dir='ltr'>GRUch</span> <span class='ocrx_word' id='word_1_9' title='bbox 1365 197 1616 226; x_wconf 83' lang='lat' dir='ltr'>VINDOBONAE.</span> <span class='ocrx_word' id='word_1_10' title='bbox 1727 201 1787 231; x_wconf 75' lang='lat'>197</span> 
     </span>
    </p>
   </div>
   <div class='ocr_carea' id='block_1_2' title="bbox 88 282 1788 1058">
    <p class='ocr_par' dir='ltr' id='par_1_2' title="bbox 88 282 1788 1058">
     <span class='ocr_line' id='line_1_2' title="bbox 236 282 1533 325; baseline 0 -9"><span class='ocrx_word' id='word_1_11' title='bbox 236 283 309 317; x_wconf 82' lang='lat' dir='ltr'><strong>Sub</strong></span> <span class='ocrx_word' id='word_1_12' title='bbox 333 284 465 324; x_wconf 79' lang='lat' dir='ltr'><strong>qum-to</strong></span> <span class='ocrx_word' id='word_1_13' title='bbox 487 283 609 324; x_wconf 80' lang='lat' dir='ltr'><strong>lapide</strong></span> <span class='ocrx_word' id='word_1_14' title='bbox 633 290 839 316; x_wconf 75' lang='lat' dir='ltr'><strong>marmoreo</strong></span> <span class='ocrx_word' id='word_1_15' title='bbox 862 282 947 315; x_wconf 85' lang='lat' dir='ltr'><strong>sunt</strong></span> <span class='ocrx_word' id='word_1_16' title='bbox 969 282 1023 315; x_wconf 81' lang='lat' dir='ltr'><strong>hii</strong></span> <span class='ocrx_word' id='word_1_17' title='bbox 1046 283 1193 324; x_wconf 81' lang='lat' dir='ltr'><strong>sepulti,</strong></span> <span class='ocrx_word' id='word_1_18' title='bbox 1215 284 1279 316; x_wconf 86' lang='lat' dir='ltr'><strong>ubi</strong></span> <span class='ocrx_word' id='word_1_19' title='bbox 1302 284 1431 316; x_wconf 79' lang='lat' dir='ltr'><strong>littera</strong></span> <span class='ocrx_word' id='word_1_20' title='bbox 1454 283 1533 325; x_wconf 77' lang='lat' dir='ltr'>D⁸):</span> 
     </span>
     <span class='ocr_line' id='line_1_3' title="bbox 235 333 1266 377; baseline -0.001 -9"><span class='ocrx_word' id='word_1_21' title='bbox 235 336 280 368; x_wconf 69' lang='lat' dir='ltr'><strong>D³</strong></span> <span class='ocrx_word' id='word_1_22' title='bbox 302 335 488 377; x_wconf 80' lang='lat' dir='ltr'><strong>Margareta</strong></span> <span class='ocrx_word' id='word_1_23' title='bbox 509 341 555 367; x_wconf 75' lang='lat' dir='ltr'><strong>m‘</strong></span> <span class='ocrx_word' id='word_1_24' title='bbox 578 335 607 367; x_wconf 80' lang='lat' dir='ltr'><strong>di</strong></span> <span class='ocrx_word' id='word_1_25' title='bbox 630 334 815 368; x_wconf 81' lang='lat' dir='ltr'><strong>Chraftonis</strong></span> <span class='ocrx_word' id='word_1_26' title='bbox 839 333 879 366; x_wconf 89' lang='lat' dir='ltr'><strong>de</strong></span> <span class='ocrx_word' id='word_1_27' title='bbox 903 333 1079 375; x_wconf 83' lang='lat' dir='ltr'><strong>Sunberch,</strong></span> <span class='ocrx_word' id='word_1_28' title='bbox 1103 335 1154 367; x_wconf 95' lang='lat' dir='ltr'><strong>ob.</strong></span> <span class='ocrx_word' id='word_1_29' title='bbox 1175 338 1266 368; x_wconf 86' lang='lat'>1300.</span> 
     </span>
     <span class='ocr_line' id='line_1_4' title="bbox 235 386 1070 430; baseline 0 -11"><span class='ocrx_word' id='word_1_30' title='bbox 235 387 281 419; x_wconf 74' lang='lat' dir='ltr'><strong>D-</strong></span> <span class='ocrx_word' id='word_1_31' title='bbox 303 387 436 430; x_wconf 82' lang='lat' dir='ltr'><strong>Brigida</strong></span> <span class='ocrx_word' id='word_1_32' title='bbox 458 392 503 419; x_wconf 69' lang='lat' dir='ltr'><strong>m&#39;</strong></span> <span class='ocrx_word' id='word_1_33' title='bbox 526 387 555 419; x_wconf 70' lang='grc' dir='ltr'><strong>(1ἰ</strong></span> <span class='ocrx_word' id='word_1_34' title='bbox 578 387 747 429; x_wconf 86' lang='lat' dir='ltr'><strong>Reinperti</strong></span> <span class='ocrx_word' id='word_1_35' title='bbox 770 386 811 418; x_wconf 90' lang='lat' dir='ltr'><strong>de</strong></span> <span class='ocrx_word' id='word_1_36' title='bbox 834 386 1070 419; x_wconf 79' lang='lat' dir='ltr'><strong>Liechtenvels.</strong></span> 
     </span>
     <span class='ocr_line' id='line_1_5' title="bbox 234 437 1787 488; baseline 0.001 -18"><span class='ocrx_word' id='word_1_37' title='bbox 234 439 274 471; x_wconf 91' lang='lat' dir='ltr'>In</span> <span class='ocrx_word' id='word_1_38' title='bbox 303 440 413 481; x_wconf 87' lang='lat' dir='ltr'><strong>quinto</strong></span> <span class='ocrx_word' id='word_1_39' title='bbox 440 438 610 481; x_wconf 86' lang='lat' dir='ltr'><strong>sepulchro</strong></span> <span class='ocrx_word' id='word_1_40' title='bbox 640 438 699 470; x_wconf 88' lang='lat' dir='ltr'><strong>sub</strong></span> <span class='ocrx_word' id='word_1_41' title='bbox 729 437 882 488; x_wconf 59' lang='lat' dir='ltr'><strong>lapidel’).</strong></span> <span class='ocrx_word' id='word_1_42' title='bbox 899 449 1082 470; x_wconf 79' lang='lat' dir='ltr'><strong>marmoreo</strong></span> <span class='ocrx_word' id='word_1_43' title='bbox 1110 439 1256 481; x_wconf 87' lang='lat' dir='ltr'><strong>sepultus</strong></span> <span class='ocrx_word' id='word_1_44' title='bbox 1283 442 1342 470; x_wconf 56' lang='lat' dir='ltr'><strong>est*</strong></span> <span class='ocrx_word' id='word_1_45' title='bbox 1361 439 1397 471; x_wconf 85' lang='lat' dir='ltr'><strong>fr.</strong></span> <span class='ocrx_word' id='word_1_46' title='bbox 1418 439 1589 471; x_wconf 84' lang='lat' dir='ltr'><strong>Hainricus</strong></span> <span class='ocrx_word' id='word_1_47' title='bbox 1617 439 1657 472; x_wconf 89' lang='lat' dir='ltr'><strong>de</strong></span> <span class='ocrx_word' id='word_1_48' title='bbox 1686 440 1787 481; x_wconf 75' lang='lat' dir='ltr'><strong>Prey-</strong></span> 
     </span>
     <span class='ocr_line' id='line_1_6' title="bbox 99 489 1785 533; baseline 0 -10"><span class='ocrx_word' id='word_1_49' title='bbox 99 503 112 523; x_wconf 69' lang='lat' dir='ltr'>e</span> <span class='ocrx_word' id='word_1_50' title='bbox 132 492 216 533; x_wconf 86' lang='lat' dir='ltr'><strong>sing,</strong></span> <span class='ocrx_word' id='word_1_51' title='bbox 250 490 415 523; x_wconf 86' lang='lat' dir='ltr'><strong>confessor</strong></span> <span class='ocrx_word' id='word_1_52' title='bbox 440 491 557 522; x_wconf 87' lang='lat' dir='ltr'><strong>ducum</strong></span> <span class='ocrx_word' id='word_1_53' title='bbox 580 490 725 531; x_wconf 85' lang='lat' dir='ltr'><strong>Austrie,</strong></span> <span class='ocrx_word' id='word_1_54' title='bbox 755 489 929 531; x_wconf 83' lang='lat' dir='ltr'><strong>solempnis</strong></span> <span class='ocrx_word' id='word_1_55' title='bbox 956 489 1067 530; x_wconf 87' lang='lat' dir='ltr'>homo,</span> <span class='ocrx_word' id='word_1_56' title='bbox 1097 490 1151 522; x_wconf 92' lang='lat' dir='ltr'><strong>ubi</strong></span> <span class='ocrx_word' id='word_1_57' title='bbox 1178 490 1285 522; x_wconf 85' lang='lat' dir='ltr'><strong>littera</strong></span> <span class='ocrx_word' id='word_1_58' title='bbox 1309 490 1383 533; x_wconf 68' lang='lat' dir='ltr'>Ec),</span> <span class='ocrx_word' id='word_1_59' title='bbox 1410 494 1443 522; x_wconf 88' lang='lat' dir='ltr'><strong>et</strong></span> <span class='ocrx_word' id='word_1_60' title='bbox 1470 492 1515 523; x_wconf 84' lang='lat' dir='ltr'><strong>sic</strong></span> <span class='ocrx_word' id='word_1_61' title='bbox 1543 495 1591 523; x_wconf 89' lang='lat' dir='ltr'><strong>est</strong></span> <span class='ocrx_word' id='word_1_62' title='bbox 1618 491 1785 533; x_wconf 74' lang='lat' dir='ltr'><strong>exspedita</strong></span> 
     </span>
     <span class='ocr_line' id='line_1_7' title="bbox 116 543 351 585; baseline -0.009 -9"><span class='ocrx_word' id='word_1_63' title='bbox 116 544 234 585; x_wconf 75' lang='lat' dir='ltr'><strong>,prima</strong></span> <span class='ocrx_word' id='word_1_64' title='bbox 257 543 351 574; x_wconf 81' lang='lat' dir='ltr'><strong>linea.</strong></span> 
     </span>
     <span class='ocr_line' id='line_1_8' title="bbox 235 600 747 643; baseline -0.002 -8"><span class='ocrx_word' id='word_1_65' title='bbox 235 601 394 636; x_wconf 76' lang='lat' dir='ltr'><strong>Secunda</strong></span> <span class='ocrx_word' id='word_1_66' title='bbox 417 601 512 634; x_wconf 74' lang='lat' dir='ltr'><strong>linea</strong></span> <span class='ocrx_word' id='word_1_67' title='bbox 535 600 747 643; x_wconf 73' lang='lat' dir='ltr'><strong>lapidumb):</strong></span> 
     </span>
     <span class='ocr_line' id='line_1_9' title="bbox 235 653 1786 696; baseline -0.001 -10"><span class='ocrx_word' id='word_1_68' title='bbox 235 654 409 686; x_wconf 79' lang='lat' dir='ltr'><strong>inmediate</strong></span> <span class='ocrx_word' id='word_1_69' title='bbox 439 654 530 685; x_wconf 84' lang='lat' dir='ltr'><strong>iuxta</strong></span> <span class='ocrx_word' id='word_1_70' title='bbox 552 663 678 684; x_wconf 87' lang='lat' dir='ltr'><strong>murum</strong></span> <span class='ocrx_word' id='word_1_71' title='bbox 701 654 844 685; x_wconf 86' lang='lat' dir='ltr'><strong>sacristie</strong></span> <span class='ocrx_word' id='word_1_72' title='bbox 868 653 953 696; x_wconf 74' lang='lat' dir='ltr'><strong>estd)</strong></span> <span class='ocrx_word' id='word_1_73' title='bbox 976 653 1141 695; x_wconf 80' lang='lat' dir='ltr'><strong>sepultura</strong></span> <span class='ocrx_word' id='word_1_74' title='bbox 1165 653 1194 684; x_wconf 92' lang='lat' dir='ltr'><strong>di</strong></span> <span class='ocrx_word' id='word_1_75' title='bbox 1217 653 1381 686; x_wconf 83' lang='lat' dir='ltr'><strong>Chunradi</strong></span> <span class='ocrx_word' id='word_1_76' title='bbox 1404 653 1673 686; x_wconf 82' lang='lat' dir='ltr'><strong>Praitenveldarii</strong></span> <span class='ocrx_word' id='word_1_77' title='bbox 1700 654 1786 695; x_wconf 71' lang='lat' dir='ltr'><strong>mil³⁵,</strong></span> 
     </span>
     <span class='ocr_line' id='line_1_10' title="bbox 132 704 1786 748; baseline -0.001 -10"><span class='ocrx_word' id='word_1_78' title='bbox 132 707 187 748; x_wconf 86' lang='lat' dir='ltr'><strong>qui</strong></span> <span class='ocrx_word' id='word_1_79' title='bbox 218 706 268 738; x_wconf 87' lang='lat' dir='ltr'><strong>ob.</strong></span> <span class='ocrx_word' id='word_1_80' title='bbox 297 707 387 737; x_wconf 83' lang='lat'>1319.</span> <span class='ocrx_word' id='word_1_81' title='bbox 418 715 463 746; x_wconf 83' lang='lat' dir='ltr'>a.,</span> <span class='ocrx_word' id='word_1_82' title='bbox 495 704 550 736; x_wconf 91' lang='lat' dir='ltr'><strong>ubi</strong></span> <span class='ocrx_word' id='word_1_83' title='bbox 579 704 687 736; x_wconf 86' lang='lat' dir='ltr'><strong>littera</strong></span> <span class='ocrx_word' id='word_1_84' title='bbox 716 704 789 746; x_wconf 57' lang='grc' dir='ltr'>ΕΟ),</span> <span class='ocrx_word' id='word_1_85' title='bbox 821 708 853 736; x_wconf 85' lang='lat' dir='ltr'><strong>et</strong></span> <span class='ocrx_word' id='word_1_86' title='bbox 882 715 940 737; x_wconf 87' lang='lat' dir='ltr'><strong>sua</strong></span> <span class='ocrx_word' id='word_1_87' title='bbox 968 716 1023 736; x_wconf 84' lang='lat' dir='ltr'><strong>ux.</strong></span> <span class='ocrx_word' id='word_1_88' title='bbox 1045 715 1116 736; x_wconf 88' lang='lat' dir='ltr'><strong>cum</strong></span> <span class='ocrx_word' id='word_1_89' title='bbox 1147 705 1226 745; x_wconf 79' lang='lat' dir='ltr'><strong>filia,</strong></span> <span class='ocrx_word' id='word_1_90' title='bbox 1258 715 1319 747; x_wconf 88' lang='lat' dir='ltr'><strong>que</strong></span> <span class='ocrx_word' id='word_1_91' title='bbox 1350 704 1411 736; x_wconf 86' lang='lat' dir='ltr'><strong>fuit</strong></span> <span class='ocrx_word' id='word_1_92' title='bbox 1440 716 1494 737; x_wconf 89' lang='lat' dir='ltr'><strong>ux.</strong></span> <span class='ocrx_word' id='word_1_93' title='bbox 1517 705 1696 747; x_wconf 82' lang='lat' dir='ltr'><strong>Haymonis</strong></span> <span class='ocrx_word' id='word_1_94' title='bbox 1727 706 1786 737; x_wconf 83' lang='lat' dir='ltr'><strong>civ.</strong></span> 
     </span>
     <span class='ocr_line' id='line_1_11' title="bbox 89 756 1401 799; baseline 0 -11"><span class='ocrx_word' id='word_1_95' title='bbox 89 769 114 788; x_wconf 89' lang='grc' dir='ltr'><strong>ιο</strong></span> <span class='ocrx_word' id='word_1_96' title='bbox 133 757 272 798; x_wconf 82' lang='lat' dir='ltr'>Wienn.,</span> <span class='ocrx_word' id='word_1_97' title='bbox 298 768 359 799; x_wconf 88' lang='lat' dir='ltr'><strong>que</strong></span> <span class='ocrx_word' id='word_1_98' title='bbox 384 756 435 789; x_wconf 90' lang='lat' dir='ltr'><strong>ob.</strong></span> <span class='ocrx_word' id='word_1_99' title='bbox 455 758 547 797; x_wconf 89' lang='lat'>1313,</span> <span class='ocrx_word' id='word_1_100' title='bbox 571 759 604 788; x_wconf 87' lang='lat' dir='ltr'><strong>et</strong></span> <span class='ocrx_word' id='word_1_101' title='bbox 626 756 690 788; x_wconf 82' lang='lat' dir='ltr'><strong>alia</strong></span> <span class='ocrx_word' id='word_1_102' title='bbox 711 756 777 788; x_wconf 88' lang='lat' dir='ltr'><strong>filia</strong></span> <span class='ocrx_word' id='word_1_103' title='bbox 801 756 972 798; x_wconf 82' lang='lat' dir='ltr'><strong>Gedrudis,</strong></span> <span class='ocrx_word' id='word_1_104' title='bbox 997 767 1060 799; x_wconf 89' lang='lat' dir='ltr'><strong>que</strong></span> <span class='ocrx_word' id='word_1_105' title='bbox 1083 756 1135 788; x_wconf 88' lang='lat' dir='ltr'><strong>ob.</strong></span> <span class='ocrx_word' id='word_1_106' title='bbox 1155 759 1247 798; x_wconf 83' lang='lat'>1340,</span> <span class='ocrx_word' id='word_1_107' title='bbox 1270 757 1325 788; x_wconf 88' lang='lat' dir='ltr'><strong>ubi</strong></span> <span class='ocrx_word' id='word_1_108' title='bbox 1348 762 1401 788; x_wconf 69' lang='lat' dir='ltr'><strong>m‘.</strong></span> 
     </span>
     <span class='ocr_line' id='line_1_12' title="bbox 235 807 1788 853; baseline 0 -13"><span class='ocrx_word' id='word_1_109' title='bbox 235 809 274 840; x_wconf 91' lang='lat' dir='ltr'>In</span> <span class='ocrx_word' id='word_1_110' title='bbox 297 808 437 841; x_wconf 86' lang='lat' dir='ltr'><strong>secundo</strong></span> <span class='ocrx_word' id='word_1_111' title='bbox 461 808 630 850; x_wconf 86' lang='lat' dir='ltr'><strong>sepulchro</strong></span> <span class='ocrx_word' id='word_1_112' title='bbox 654 807 685 840; x_wconf 88' lang='lat' dir='ltr'><strong>d.</strong></span> <span class='ocrx_word' id='word_1_113' title='bbox 702 807 838 840; x_wconf 78' lang='lat' dir='ltr'><strong>sifridus</strong></span> <span class='ocrx_word' id='word_1_114' title='bbox 861 809 1014 850; x_wconf 82' lang='lat' dir='ltr'>pincerna</span> <span class='ocrx_word' id='word_1_115' title='bbox 1038 808 1079 840; x_wconf 86' lang='lat' dir='ltr'><strong>de</strong></span> <span class='ocrx_word' id='word_1_116' title='bbox 1102 808 1224 850; x_wconf 81' lang='lat' dir='ltr'>Dobra,</span> <span class='ocrx_word' id='word_1_117' title='bbox 1239 810 1302 853; x_wconf 29' lang='lat' dir='ltr'><strong>&#39;qui</strong></span> <span class='ocrx_word' id='word_1_118' title='bbox 1326 808 1376 840; x_wconf 89' lang='lat' dir='ltr'><strong>ob.</strong></span> <span class='ocrx_word' id='word_1_119' title='bbox 1397 810 1487 850; x_wconf 89' lang='lat'>1313,</span> <span class='ocrx_word' id='word_1_120' title='bbox 1511 808 1565 841; x_wconf 92' lang='lat' dir='ltr'><strong>ubi</strong></span> <span class='ocrx_word' id='word_1_121' title='bbox 1588 809 1695 841; x_wconf 84' lang='lat' dir='ltr'><strong>littera</strong></span> <span class='ocrx_word' id='word_1_122' title='bbox 1719 809 1788 851; x_wconf 75' lang='lat' dir='ltr'><strong>G.⁰)</strong></span> 
     </span>
     <span class='ocr_line' id='line_1_13' title="bbox 234 859 1787 903; baseline 0 -11"><span class='ocrx_word' id='word_1_123' title='bbox 234 860 273 892; x_wconf 92' lang='lat' dir='ltr'>In</span> <span class='ocrx_word' id='word_1_124' title='bbox 296 860 411 892; x_wconf 88' lang='lat' dir='ltr'><strong>eodem</strong></span> <span class='ocrx_word' id='word_1_125' title='bbox 435 860 605 902; x_wconf 87' lang='lat' dir='ltr'><strong>sepulchro</strong></span> <span class='ocrx_word' id='word_1_126' title='bbox 634 859 670 891; x_wconf 61' lang='lat' dir='ltr'><strong>d*</strong></span> <span class='ocrx_word' id='word_1_127' title='bbox 693 859 788 892; x_wconf 87' lang='lat' dir='ltr'>Anna</span> <span class='ocrx_word' id='word_1_128' title='bbox 811 860 964 902; x_wconf 83' lang='lat' dir='ltr'>pincerna</span> <span class='ocrx_word' id='word_1_129' title='bbox 987 860 1028 891; x_wconf 85' lang='lat' dir='ltr'><strong>de</strong></span> <span class='ocrx_word' id='word_1_130' title='bbox 1052 859 1177 901; x_wconf 83' lang='lat' dir='ltr'>Dobra,</span> <span class='ocrx_word' id='word_1_131' title='bbox 1209 864 1383 893; x_wconf 79' lang='lat' dir='ltr'><strong>matertera</strong></span> <span class='ocrx_word' id='word_1_132' title='bbox 1406 871 1478 901; x_wconf 79' lang='lat' dir='ltr'><strong>sua,</strong></span> <span class='ocrx_word' id='word_1_133' title='bbox 1509 860 1672 902; x_wconf 85' lang='lat' dir='ltr'><strong>quondam</strong></span> <span class='ocrx_word' id='word_1_134' title='bbox 1697 866 1787 903; x_wconf 72' lang='lat' dir='ltr'><strong>mag²</strong></span> 
     </span>
     <span class='ocr_line' id='line_1_14' title="bbox 132 911 1030 954; baseline -0.002 -9"><span class='ocrx_word' id='word_1_135' title='bbox 132 913 219 945; x_wconf 84' lang='lat' dir='ltr'><strong>curie</strong></span> <span class='ocrx_word' id='word_1_136' title='bbox 243 912 277 944; x_wconf 63' lang='lat' dir='ltr'><strong>d‘</strong></span> <span class='ocrx_word' id='word_1_137' title='bbox 300 912 444 944; x_wconf 83' lang='lat' dir='ltr'>Iohanne</span> <span class='ocrx_word' id='word_1_138' title='bbox 468 911 605 952; x_wconf 80' lang='lat' dir='ltr'><strong>ducisse,</strong></span> <span class='ocrx_word' id='word_1_139' title='bbox 631 913 723 952; x_wconf 91' lang='lat'>1357,</span> <span class='ocrx_word' id='word_1_140' title='bbox 747 911 804 943; x_wconf 94' lang='lat' dir='ltr'><strong>VI.</strong></span> <span class='ocrx_word' id='word_1_141' title='bbox 822 911 863 944; x_wconf 84' lang='lat' dir='ltr'><strong>id.</strong></span> <span class='ocrx_word' id='word_1_142' title='bbox 881 912 1030 954; x_wconf 82' lang='lat' dir='ltr'>Augusti.</span> 
     </span>
     <span class='ocr_line' id='line_1_15' title="bbox 234 963 1540 1006; baseline 0 -10"><span class='ocrx_word' id='word_1_143' title='bbox 234 964 384 996; x_wconf 83' lang='lat' dir='ltr'><strong>Tercium</strong></span> <span class='ocrx_word' id='word_1_144' title='bbox 408 963 610 1005; x_wconf 82' lang='lat' dir='ltr'><strong>sepulchrum</strong></span> <span class='ocrx_word' id='word_1_145' title='bbox 634 964 793 995; x_wconf 81' lang='lat' dir='ltr'><strong>nescimus</strong></span> <span class='ocrx_word' id='word_1_146' title='bbox 817 974 888 995; x_wconf 87' lang='lat' dir='ltr'><strong>cum</strong></span> <span class='ocrx_word' id='word_1_147' title='bbox 912 963 1021 1005; x_wconf 77' lang='lat' dir='ltr'><strong>lapide</strong></span> <span class='ocrx_word' id='word_1_148' title='bbox 1044 974 1237 1004; x_wconf 82' lang='lat' dir='ltr'><strong>marmoreo,</strong></span> <span class='ocrx_word' id='word_1_149' title='bbox 1261 963 1315 996; x_wconf 86' lang='lat' dir='ltr'><strong>ubi</strong></span> <span class='ocrx_word' id='word_1_150' title='bbox 1339 963 1446 996; x_wconf 87' lang='lat' dir='ltr'><strong>littera</strong></span> <span class='ocrx_word' id='word_1_151' title='bbox 1469 963 1540 1006; x_wconf 51' lang='grc' dir='ltr'><strong>ΗΡ)</strong></span> 
     </span>
     <span class='ocr_line' id='line_1_16' title="bbox 88 1014 1546 1058; baseline 0.001 -12"><span class='ocrx_word' id='word_1_152' title='bbox 88 1027 112 1046; x_wconf 80' lang='lat'>15</span> <span class='ocrx_word' id='word_1_153' title='bbox 234 1016 270 1047; x_wconf 92' lang='lat' dir='ltr'>In</span> <span class='ocrx_word' id='word_1_154' title='bbox 295 1020 408 1058; x_wconf 84' lang='lat' dir='ltr'><strong>quarto</strong></span> <span class='ocrx_word' id='word_1_155' title='bbox 432 1015 601 1058; x_wconf 86' lang='lat' dir='ltr'><strong>sepulchro</strong></span> <span class='ocrx_word' id='word_1_156' title='bbox 626 1014 661 1046; x_wconf 65' lang='lat' dir='ltr'><strong>da</strong></span> <span class='ocrx_word' id='word_1_157' title='bbox 684 1015 796 1057; x_wconf 84' lang='lat' dir='ltr'><strong>Agnes</strong></span> <span class='ocrx_word' id='word_1_158' title='bbox 819 1015 860 1047; x_wconf 83' lang='lat' dir='ltr'><strong>de</strong></span> <span class='ocrx_word' id='word_1_159' title='bbox 877 1015 1133 1057; x_wconf 77' lang='lat' dir='ltr'><strong>Valohenberch‚</strong></span> <span class='ocrx_word' id='word_1_160' title='bbox 1158 1015 1213 1047; x_wconf 91' lang='lat' dir='ltr'><strong>ubi</strong></span> <span class='ocrx_word' id='word_1_161' title='bbox 1237 1015 1344 1047; x_wconf 86' lang='lat' dir='ltr'><strong>littera</strong></span> <span class='ocrx_word' id='word_1_162' title='bbox 1367 1015 1428 1057; x_wconf 76' lang='lat'>1⁰),</span> <span class='ocrx_word' id='word_1_163' title='bbox 1457 1018 1546 1048; x_wconf 89' lang='grc'>1300.</span> 
     </span>
    </p>
   </div>
   <div class='ocr_carea' id='block_1_3' title="bbox 133 1078 1787 1174">
    <p class='ocr_par' dir='ltr' id='par_1_3' title="bbox 133 1078 1787 1174">
     <span class='ocr_line' id='line_1_17' title="bbox 236 1078 1787 1120; baseline 0 -8"><span class='ocrx_word' id='word_1_164' title='bbox 236 1080 280 1112; x_wconf 87' lang='grc'><strong>111</strong></span> <span class='ocrx_word' id='word_1_165' title='bbox 308 1079 424 1112; x_wconf 83' lang='lat' dir='ltr'><strong>tercio</strong></span> <span class='ocrx_word' id='word_1_166' title='bbox 453 1078 580 1112; x_wconf 83' lang='lat' dir='ltr'><strong>ordine</strong></span> <span class='ocrx_word' id='word_1_167' title='bbox 612 1079 770 1120; x_wconf 79' lang='lat' dir='ltr'><strong>lapidum</strong></span> <span class='ocrx_word' id='word_1_168' title='bbox 802 1087 926 1112; x_wconf 84' lang='lat' dir='ltr'><strong>versus</strong></span> <span class='ocrx_word' id='word_1_169' title='bbox 954 1079 1096 1112; x_wconf 76' lang='lat' dir='ltr'><strong>ianuam</strong></span> <span class='ocrx_word' id='word_1_170' title='bbox 1126 1080 1285 1112; x_wconf 75' lang='lat' dir='ltr'><strong>ambitus</strong></span> <span class='ocrx_word' id='word_1_171' title='bbox 1309 1080 1413 1113; x_wconf 82' lang='lat' dir='ltr'><strong>iuxta</strong></span> <span class='ocrx_word' id='word_1_172' title='bbox 1436 1089 1578 1112; x_wconf 90' lang='lat' dir='ltr'><strong>murum</strong></span> <span class='ocrx_word' id='word_1_173' title='bbox 1602 1080 1787 1113; x_wconf 78' lang='lat' dir='ltr'><strong>sacristie:</strong></span> 
     </span>
     <span class='ocr_line' id='line_1_18' title="bbox 133 1131 1178 1174; baseline 0 -10"><span class='ocrx_word' id='word_1_174' title='bbox 133 1132 163 1164; x_wconf 91' lang='lat' dir='ltr'><strong>d.</strong></span> <span class='ocrx_word' id='word_1_175' title='bbox 181 1131 308 1164; x_wconf 79' lang='lat' dir='ltr'><strong>Ulricus</strong></span> <span class='ocrx_word' id='word_1_176' title='bbox 331 1131 371 1163; x_wconf 91' lang='lat' dir='ltr'><strong>de</strong></span> <span class='ocrx_word' id='word_1_177' title='bbox 395 1131 592 1170; x_wconf 77' lang='lat' dir='ltr'><strong>Riczendorf</strong></span> <span class='ocrx_word' id='word_1_178' title='bbox 611 1131 688 1172; x_wconf 62' lang='lat' dir='ltr'><strong>mil„</strong></span> <span class='ocrx_word' id='word_1_179' title='bbox 712 1131 763 1163; x_wconf 92' lang='lat' dir='ltr'><strong>ob.</strong></span> <span class='ocrx_word' id='word_1_180' title='bbox 784 1134 875 1172; x_wconf 88' lang='grc'>1307,</span> <span class='ocrx_word' id='word_1_181' title='bbox 898 1132 954 1163; x_wconf 93' lang='lat' dir='ltr'><strong>ubi</strong></span> <span class='ocrx_word' id='word_1_182' title='bbox 978 1132 1085 1164; x_wconf 81' lang='lat' dir='ltr'><strong>littera</strong></span> <span class='ocrx_word' id='word_1_183' title='bbox 1107 1131 1178 1174; x_wconf 50' lang='grc' dir='ltr'><strong>ΚΡ)</strong></span> 
     </span>
    </p>
   </div>
   <div class='ocr_carea' id='block_1_4' title="bbox 88 1183 1788 1432">
    <p class='ocr_par' dir='ltr' id='par_1_4' title="bbox 88 1183 1788 1432">
     <span class='ocr_line' id='line_1_19' title="bbox 235 1183 1787 1226; baseline 0 -11"><span class='ocrx_word' id='word_1_184' title='bbox 235 1184 273 1215; x_wconf 93' lang='lat' dir='ltr'>In</span> <span class='ocrx_word' id='word_1_185' title='bbox 296 1184 436 1215; x_wconf 86' lang='lat' dir='ltr'><strong>secundo</strong></span> <span class='ocrx_word' id='word_1_186' title='bbox 459 1183 629 1225; x_wconf 86' lang='lat' dir='ltr'><strong>sepulchro</strong></span> <span class='ocrx_word' id='word_1_187' title='bbox 653 1183 685 1214; x_wconf 90' lang='lat' dir='ltr'><strong>in</strong></span> <span class='ocrx_word' id='word_1_188' title='bbox 708 1183 824 1215; x_wconf 84' lang='lat' dir='ltr'><strong>eadem</strong></span> <span class='ocrx_word' id='word_1_189' title='bbox 848 1183 934 1216; x_wconf 82' lang='lat' dir='ltr'><strong>linea</strong></span> <span class='ocrx_word' id='word_1_190' title='bbox 957 1184 1015 1215; x_wconf 90' lang='lat' dir='ltr'><strong>sub</strong></span> <span class='ocrx_word' id='word_1_191' title='bbox 1039 1183 1150 1226; x_wconf 81' lang='lat' dir='ltr'><strong>lapide</strong></span> <span class='ocrx_word' id='word_1_192' title='bbox 1172 1194 1353 1216; x_wconf 85' lang='lat' dir='ltr'><strong>marmoreo</strong></span> <span class='ocrx_word' id='word_1_193' title='bbox 1378 1183 1408 1216; x_wconf 89' lang='lat' dir='ltr'><strong>d.</strong></span> <span class='ocrx_word' id='word_1_194' title='bbox 1426 1183 1503 1215; x_wconf 88' lang='lat' dir='ltr'><strong>Otto</strong></span> <span class='ocrx_word' id='word_1_195' title='bbox 1528 1184 1568 1215; x_wconf 90' lang='lat' dir='ltr'><strong>de</strong></span> <span class='ocrx_word' id='word_1_196' title='bbox 1585 1183 1722 1225; x_wconf 87' lang='lat' dir='ltr'><strong>Zelking</strong></span> <span class='ocrx_word' id='word_1_197' title='bbox 1747 1184 1787 1215; x_wconf 87' lang='lat' dir='ltr'><strong>de</strong></span> 
     </span>
     <span class='ocr_line' id='line_1_20' title="bbox 132 1234 799 1277; baseline -0.003 -9"><span class='ocrx_word' id='word_1_198' title='bbox 132 1235 314 1276; x_wconf 82' lang='lat' dir='ltr'><strong>Schoenek,</strong></span> <span class='ocrx_word' id='word_1_199' title='bbox 338 1235 389 1267; x_wconf 91' lang='lat' dir='ltr'><strong>ob.</strong></span> <span class='ocrx_word' id='word_1_200' title='bbox 409 1237 500 1276; x_wconf 85' lang='lat'>1300,</span> <span class='ocrx_word' id='word_1_201' title='bbox 523 1234 579 1266; x_wconf 91' lang='lat' dir='ltr'><strong>ubi</strong></span> <span class='ocrx_word' id='word_1_202' title='bbox 602 1235 710 1267; x_wconf 77' lang='lat' dir='ltr'><strong>littera</strong></span> <span class='ocrx_word' id='word_1_203' title='bbox 732 1235 799 1277; x_wconf 81' lang='lat' dir='ltr'><strong>L.⁰)</strong></span> 
     </span>
     <span class='ocr_line' id='line_1_21' title="bbox 88 1286 1788 1329; baseline 0.001 -12"><span class='ocrx_word' id='word_1_204' title='bbox 88 1297 114 1317; x_wconf 70' lang='lat' dir='ltr'><strong>sn</strong></span> <span class='ocrx_word' id='word_1_205' title='bbox 235 1288 261 1328; x_wconf 67' lang='grc' dir='ltr'><strong>θ)</strong></span> <span class='ocrx_word' id='word_1_206' title='bbox 273 1287 307 1318; x_wconf 91' lang='lat' dir='ltr'><strong>ln</strong></span> <span class='ocrx_word' id='word_1_207' title='bbox 331 1287 430 1319; x_wconf 87' lang='lat' dir='ltr'><strong>tercio</strong></span> <span class='ocrx_word' id='word_1_208' title='bbox 454 1286 624 1328; x_wconf 85' lang='lat' dir='ltr'><strong>sepulchro</strong></span> <span class='ocrx_word' id='word_1_209' title='bbox 641 1286 698 1318; x_wconf 89' lang='lat' dir='ltr'><strong>sub</strong></span> <span class='ocrx_word' id='word_1_210' title='bbox 715 1287 823 1329; x_wconf 84' lang='lat' dir='ltr'><strong>lapide</strong></span> <span class='ocrx_word' id='word_1_211' title='bbox 840 1286 915 1319; x_wconf 86' lang='lat' dir='ltr'><strong>albo</strong></span> <span class='ocrx_word' id='word_1_212' title='bbox 933 1287 962 1319; x_wconf 93' lang='lat' dir='ltr'><strong>d.</strong></span> <span class='ocrx_word' id='word_1_213' title='bbox 977 1286 1146 1329; x_wconf 88' lang='lat' dir='ltr'><strong>Ruegerus</strong></span> <span class='ocrx_word' id='word_1_214' title='bbox 1163 1286 1204 1318; x_wconf 90' lang='lat' dir='ltr'><strong>de</strong></span> <span class='ocrx_word' id='word_1_215' title='bbox 1221 1286 1434 1329; x_wconf 76' lang='lat' dir='ltr'><strong>Hippelntorf,</strong></span> <span class='ocrx_word' id='word_1_216' title='bbox 1459 1287 1510 1319; x_wconf 88' lang='lat' dir='ltr'><strong>ob.</strong></span> <span class='ocrx_word' id='word_1_217' title='bbox 1533 1289 1623 1328; x_wconf 84' lang='lat'>1313,</span> <span class='ocrx_word' id='word_1_218' title='bbox 1644 1287 1788 1329; x_wconf 82' lang='lat' dir='ltr'><strong>sepultus</strong></span> 
     </span>
     <span class='ocr_line' id='line_1_22' title="bbox 132 1338 416 1380; baseline -0.004 -9"><span class='ocrx_word' id='word_1_219' title='bbox 132 1339 191 1371; x_wconf 90' lang='lat' dir='ltr'><strong>sub</strong></span> <span class='ocrx_word' id='word_1_220' title='bbox 215 1338 321 1371; x_wconf 80' lang='lat' dir='ltr'><strong>littera</strong></span> <span class='ocrx_word' id='word_1_221' title='bbox 344 1338 416 1380; x_wconf 76' lang='lat' dir='ltr'><strong>M.⁰)</strong></span> 
     </span>
     <span class='ocr_line' id='line_1_23' title="bbox 234 1389 1411 1432; baseline 0.001 -11"><span class='ocrx_word' id='word_1_222' title='bbox 234 1390 272 1422; x_wconf 92' lang='lat' dir='ltr'>In</span> <span class='ocrx_word' id='word_1_223' title='bbox 296 1390 411 1422; x_wconf 90' lang='lat' dir='ltr'><strong>eodem</strong></span> <span class='ocrx_word' id='word_1_224' title='bbox 436 1389 606 1432; x_wconf 86' lang='lat' dir='ltr'><strong>sepulchro</strong></span> <span class='ocrx_word' id='word_1_225' title='bbox 630 1390 665 1421; x_wconf 64' lang='grc' dir='ltr'><strong>(1ιι</strong></span> <span class='ocrx_word' id='word_1_226' title='bbox 689 1389 864 1432; x_wconf 86' lang='lat' dir='ltr'><strong>Gerwirgis</strong></span> <span class='ocrx_word' id='word_1_227' title='bbox 886 1390 1223 1431; x_wconf 84' lang='lat' dir='ltr'><strong>Prutzendorferinna,</strong></span> <span class='ocrx_word' id='word_1_228' title='bbox 1248 1390 1300 1422; x_wconf 91' lang='lat' dir='ltr'><strong>ob.</strong></span> <span class='ocrx_word' id='word_1_229' title='bbox 1321 1393 1411 1422; x_wconf 83' lang='lat'>1300.</span> 
     </span>
    </p>
   </div>
   <div class='ocr_carea' id='block_1_5' title="bbox 87 1441 1836 2208">
    <p class='ocr_par' dir='ltr' id='par_1_5' title="bbox 87 1441 1836 2208">
     <span class='ocr_line' id='line_1_24' title="bbox 235 1441 1788 1484; baseline 0.001 -11"><span class='ocrx_word' id='word_1_230' title='bbox 235 1442 273 1473; x_wconf 93' lang='lat' dir='ltr'>In</span> <span class='ocrx_word' id='word_1_231' title='bbox 301 1445 414 1484; x_wconf 86' lang='lat' dir='ltr'><strong>quarto</strong></span> <span class='ocrx_word' id='word_1_232' title='bbox 442 1442 613 1484; x_wconf 89' lang='lat' dir='ltr'><strong>sepulchro</strong></span> <span class='ocrx_word' id='word_1_233' title='bbox 643 1441 703 1473; x_wconf 93' lang='lat' dir='ltr'><strong>sub</strong></span> <span class='ocrx_word' id='word_1_234' title='bbox 730 1441 838 1483; x_wconf 81' lang='lat' dir='ltr'><strong>lapide</strong></span> <span class='ocrx_word' id='word_1_235' title='bbox 866 1452 1049 1474; x_wconf 80' lang='lat' dir='ltr'><strong>marmoreo</strong></span> <span class='ocrx_word' id='word_1_236' title='bbox 1077 1452 1149 1473; x_wconf 85' lang='lat' dir='ltr'><strong>curn</strong></span> <span class='ocrx_word' id='word_1_237' title='bbox 1177 1442 1298 1483; x_wconf 81' lang='lat' dir='ltr'><strong>picario</strong></span> <span class='ocrx_word' id='word_1_238' title='bbox 1322 1442 1446 1484; x_wconf 84' lang='lat' dir='ltr'><strong>sculpto</strong></span> <span class='ocrx_word' id='word_1_239' title='bbox 1471 1442 1500 1474; x_wconf 84' lang='lat' dir='ltr'><strong>d.</strong></span> <span class='ocrx_word' id='word_1_240' title='bbox 1518 1442 1640 1474; x_wconf 88' lang='lat' dir='ltr'><strong>Albero</strong></span> <span class='ocrx_word' id='word_1_241' title='bbox 1665 1442 1706 1474; x_wconf 87' lang='lat' dir='ltr'><strong>de</strong></span> <span class='ocrx_word' id='word_1_242' title='bbox 1731 1442 1788 1473; x_wconf 91' lang='lat' dir='ltr'><strong>Al-</strong></span> 
     </span>
     <span class='ocr_line' id='line_1_25' title="bbox 133 1493 1242 1535; baseline -0.001 -9"><span class='ocrx_word' id='word_1_243' title='bbox 133 1493 292 1534; x_wconf 78' lang='lat' dir='ltr'><strong>ramstorf,</strong></span> <span class='ocrx_word' id='word_1_244' title='bbox 316 1493 366 1525; x_wconf 93' lang='lat' dir='ltr'><strong>ob.</strong></span> <span class='ocrx_word' id='word_1_245' title='bbox 388 1494 477 1525; x_wconf 88' lang='lat'>1313.</span> <span class='ocrx_word' id='word_1_246' title='bbox 523 1493 561 1525; x_wconf 91' lang='lat' dir='ltr'>In</span> <span class='ocrx_word' id='word_1_247' title='bbox 585 1493 702 1525; x_wconf 88' lang='lat' dir='ltr'><strong>eodem</strong></span> <span class='ocrx_word' id='word_1_248' title='bbox 725 1493 893 1535; x_wconf 88' lang='lat' dir='ltr'><strong>sepulchro</strong></span> <span class='ocrx_word' id='word_1_249' title='bbox 916 1504 969 1526; x_wconf 85' lang='lat' dir='ltr'><strong>ux.</strong></span> <span class='ocrx_word' id='word_1_250' title='bbox 987 1504 1054 1534; x_wconf 80' lang='lat' dir='ltr'><strong>sua,</strong></span> <span class='ocrx_word' id='word_1_251' title='bbox 1078 1493 1130 1525; x_wconf 84' lang='lat' dir='ltr'><strong>ob.</strong></span> <span class='ocrx_word' id='word_1_252' title='bbox 1152 1494 1242 1526; x_wconf 88' lang='lat'>1318.</span> 
     </span>
     <span class='ocr_line' id='line_1_26' title="bbox 88 1545 1788 1588; baseline 0 -12"><span class='ocrx_word' id='word_1_253' title='bbox 88 1555 113 1576; x_wconf 70' lang='lat'><strong>25</strong></span> <span class='ocrx_word' id='word_1_254' title='bbox 235 1546 362 1578; x_wconf 86' lang='lat' dir='ltr'><strong>Ibidem</strong></span> <span class='ocrx_word' id='word_1_255' title='bbox 389 1545 452 1578; x_wconf 89' lang='lat' dir='ltr'><strong>due</strong></span> <span class='ocrx_word' id='word_1_256' title='bbox 479 1545 543 1578; x_wconf 84' lang='lat' dir='ltr'><strong>filie</strong></span> <span class='ocrx_word' id='word_1_257' title='bbox 572 1556 684 1578; x_wconf 88' lang='lat' dir='ltr'><strong>eorum</strong></span> <span class='ocrx_word' id='word_1_258' title='bbox 707 1545 915 1587; x_wconf 83' lang='lat' dir='ltr'><strong>Kather(ina)</strong></span> <span class='ocrx_word' id='word_1_259' title='bbox 945 1549 978 1578; x_wconf 88' lang='lat' dir='ltr'><strong>et</strong></span> <span class='ocrx_word' id='word_1_260' title='bbox 1000 1545 1188 1578; x_wconf 82' lang='lat' dir='ltr'><strong>Kathen&#39;na.</strong></span> <span class='ocrx_word' id='word_1_261' title='bbox 1242 1545 1299 1577; x_wconf 82' lang='lat' dir='ltr'><strong>Hii</strong></span> <span class='ocrx_word' id='word_1_262' title='bbox 1326 1556 1438 1578; x_wconf 86' lang='lat' dir='ltr'><strong>omnes</strong></span> <span class='ocrx_word' id='word_1_263' title='bbox 1465 1545 1583 1588; x_wconf 80' lang='lat' dir='ltr'><strong>sepulti</strong></span> <span class='ocrx_word' id='word_1_264' title='bbox 1613 1549 1699 1586; x_wconf 82' lang='lat' dir='ltr'><strong>sunt,</strong></span> <span class='ocrx_word' id='word_1_265' title='bbox 1734 1545 1788 1577; x_wconf 85' lang='lat' dir='ltr'><strong>ubi</strong></span> 
     </span>
     <span class='ocr_line' id='line_1_27' title="bbox 132 1597 951 1640; baseline -0.001 -10"><span class='ocrx_word' id='word_1_266' title='bbox 132 1598 238 1630; x_wconf 64' lang='lat' dir='ltr'><strong>littera</strong></span> <span class='ocrx_word' id='word_1_267' title='bbox 261 1597 330 1640; x_wconf 53' lang='grc' dir='ltr'><strong>ΝΡ)</strong></span> <span class='ocrx_word' id='word_1_268' title='bbox 935 1624 951 1638; x_wconf 76' lang='lat'>,</span> 
     </span>
     <span class='ocr_line' id='line_1_28' title="bbox 234 1648 1836 1691; baseline -0.001 -10"><span class='ocrx_word' id='word_1_269' title='bbox 234 1649 272 1681; x_wconf 93' lang='lat' dir='ltr'>In</span> <span class='ocrx_word' id='word_1_270' title='bbox 295 1650 415 1691; x_wconf 80' lang='lat' dir='ltr'><strong>quinto,</strong></span> <span class='ocrx_word' id='word_1_271' title='bbox 439 1649 494 1681; x_wconf 93' lang='lat' dir='ltr'><strong>ubi</strong></span> <span class='ocrx_word' id='word_1_272' title='bbox 517 1660 580 1680; x_wconf 92' lang='lat' dir='ltr'><strong>non</strong></span> <span class='ocrx_word' id='word_1_273' title='bbox 604 1649 695 1691; x_wconf 82' lang='lat' dir='ltr'><strong>lapis,</strong></span> <span class='ocrx_word' id='word_1_274' title='bbox 720 1649 896 1681; x_wconf 84' lang='lat' dir='ltr'><strong>inmediate</strong></span> <span class='ocrx_word' id='word_1_275' title='bbox 920 1649 1010 1680; x_wconf 79' lang='lat' dir='ltr'><strong>iuxta</strong></span> <span class='ocrx_word' id='word_1_276' title='bbox 1030 1648 1190 1681; x_wconf 89' lang='lat' dir='ltr'><strong>concellos</strong></span> <span class='ocrx_word' id='word_1_277' title='bbox 1206 1648 1331 1691; x_wconf 82' lang='lat' dir='ltr'><strong>capelle</strong></span> <span class='ocrx_word' id='word_1_278' title='bbox 1349 1648 1372 1680; x_wconf 54' lang='grc' dir='ltr'><strong>εἰ</strong></span> <span class='ocrx_word' id='word_1_279' title='bbox 1388 1649 1516 1681; x_wconf 83' lang='lat' dir='ltr'><strong>Nieolai</strong></span> <span class='ocrx_word' id='word_1_280' title='bbox 1533 1649 1562 1681; x_wconf 88' lang='lat' dir='ltr'><strong>d.</strong></span> <span class='ocrx_word' id='word_1_281' title='bbox 1581 1648 1712 1681; x_wconf 85' lang='lat' dir='ltr'><strong>Colinus</strong></span> <span class='ocrx_word' id='word_1_282' title='bbox 1729 1650 1788 1680; x_wconf 81' lang='lat' dir='ltr'><strong>civ.</strong></span> <span class='ocrx_word' id='word_1_283' title='bbox 1830 1670 1836 1676; x_wconf 81' lang='lat'><strong>·</strong></span> 
     </span>
     <span class='ocr_line' id='line_1_29' title="bbox 133 1700 938 1743; baseline 0 -11"><span class='ocrx_word' id='word_1_284' title='bbox 133 1701 272 1742; x_wconf 86' lang='lat' dir='ltr'>Wienn.,</span> <span class='ocrx_word' id='word_1_285' title='bbox 297 1701 347 1733; x_wconf 92' lang='lat' dir='ltr'><strong>ob.</strong></span> <span class='ocrx_word' id='word_1_286' title='bbox 368 1703 460 1742; x_wconf 89' lang='lat'>1301,</span> <span class='ocrx_word' id='word_1_287' title='bbox 483 1700 638 1742; x_wconf 79' lang='lat' dir='ltr'><strong>sepultus,</strong></span> <span class='ocrx_word' id='word_1_288' title='bbox 662 1701 715 1733; x_wconf 93' lang='lat' dir='ltr'><strong>ubi</strong></span> <span class='ocrx_word' id='word_1_289' title='bbox 739 1701 847 1733; x_wconf 85' lang='lat' dir='ltr'><strong>littera</strong></span> <span class='ocrx_word' id='word_1_290' title='bbox 870 1700 938 1743; x_wconf 75' lang='lat' dir='ltr'>O.⁰)</span> 
     </span>
     <span class='ocr_line' id='line_1_30' title="bbox 235 1752 1495 1795; baseline 0 -11"><span class='ocrx_word' id='word_1_291' title='bbox 235 1753 273 1784; x_wconf 92' lang='lat' dir='ltr'>In</span> <span class='ocrx_word' id='word_1_292' title='bbox 296 1752 412 1784; x_wconf 81' lang='lat' dir='ltr'><strong>eadem</strong></span> <span class='ocrx_word' id='word_1_293' title='bbox 436 1752 562 1794; x_wconf 87' lang='lat' dir='ltr'><strong>capella</strong></span> <span class='ocrx_word' id='word_1_294' title='bbox 587 1756 635 1784; x_wconf 88' lang='lat' dir='ltr'><strong>est</strong></span> <span class='ocrx_word' id='word_1_295' title='bbox 658 1753 822 1795; x_wconf 83' lang='lat' dir='ltr'><strong>sepultura</strong></span> <span class='ocrx_word' id='word_1_296' title='bbox 846 1752 876 1784; x_wconf 76' lang='lat' dir='ltr'><strong>di</strong></span> <span class='ocrx_word' id='word_1_297' title='bbox 900 1752 1067 1784; x_wconf 83' lang='lat' dir='ltr'><strong>Wichardi</strong></span> <span class='ocrx_word' id='word_1_298' title='bbox 1092 1753 1176 1784; x_wconf 83' lang='lat' dir='ltr'><strong>circa</strong></span> <span class='ocrx_word' id='word_1_299' title='bbox 1200 1753 1253 1784; x_wconf 75' lang='lat' dir='ltr'><strong>fr⁹⁸</strong></span> <span class='ocrx_word' id='word_1_300' title='bbox 1277 1755 1310 1785; x_wconf 85' lang='lat' dir='ltr'><strong>et</strong></span> <span class='ocrx_word' id='word_1_301' title='bbox 1332 1752 1384 1784; x_wconf 91' lang='lat' dir='ltr'><strong>ob.</strong></span> <span class='ocrx_word' id='word_1_302' title='bbox 1405 1755 1495 1785; x_wconf 83' lang='lat'>1352.</span> 
     </span>
     <span class='ocr_line' id='line_1_31' title="bbox 89 1803 1525 1847; baseline -0.002 -8"><span class='ocrx_word' id='word_1_303' title='bbox 89 1820 114 1839; x_wconf 78' lang='lat' dir='ltr'><strong>ao</strong></span> <span class='ocrx_word' id='word_1_304' title='bbox 236 1805 319 1837; x_wconf 81' lang='lat' dir='ltr'><strong>Item</strong></span> <span class='ocrx_word' id='word_1_305' title='bbox 343 1804 405 1836; x_wconf 88' lang='lat' dir='ltr'><strong>due</strong></span> <span class='ocrx_word' id='word_1_306' title='bbox 429 1808 498 1836; x_wconf 73' lang='lat' dir='ltr'><strong>ux0·</strong></span> <span class='ocrx_word' id='word_1_307' title='bbox 520 1803 577 1835; x_wconf 89' lang='lat' dir='ltr'><strong>filii</strong></span> <span class='ocrx_word' id='word_1_308' title='bbox 600 1805 647 1836; x_wconf 84' lang='lat' dir='ltr'><strong>sui</strong></span> <span class='ocrx_word' id='word_1_309' title='bbox 671 1804 700 1836; x_wconf 71' lang='grc' dir='ltr'><strong>(1ἰ</strong></span> <span class='ocrx_word' id='word_1_310' title='bbox 724 1804 888 1845; x_wconf 80' lang='lat' dir='ltr'>Iohannis,</span> <span class='ocrx_word' id='word_1_311' title='bbox 913 1804 1041 1847; x_wconf 86' lang='lat' dir='ltr'><strong>Sigawn</strong></span> <span class='ocrx_word' id='word_1_312' title='bbox 1065 1808 1099 1836; x_wconf 85' lang='lat' dir='ltr'><strong>et</strong></span> <span class='ocrx_word' id='word_1_313' title='bbox 1121 1805 1226 1845; x_wconf 85' lang='lat' dir='ltr'>Anna,</span> <span class='ocrx_word' id='word_1_314' title='bbox 1249 1804 1304 1837; x_wconf 93' lang='lat' dir='ltr'><strong>ubi</strong></span> <span class='ocrx_word' id='word_1_315' title='bbox 1327 1805 1435 1837; x_wconf 82' lang='lat' dir='ltr'><strong>littera</strong></span> <span class='ocrx_word' id='word_1_316' title='bbox 1457 1805 1525 1847; x_wconf 63' lang='lat' dir='ltr'><strong>Rc)</strong></span> 
     </span>
     <span class='ocr_line' id='line_1_32' title="bbox 235 1855 1790 1898; baseline 0.001 -11"><span class='ocrx_word' id='word_1_317' title='bbox 235 1856 273 1888; x_wconf 90' lang='lat' dir='ltr'>In</span> <span class='ocrx_word' id='word_1_318' title='bbox 301 1856 426 1898; x_wconf 81' lang='lat' dir='ltr'><strong>capella</strong></span> <span class='ocrx_word' id='word_1_319' title='bbox 453 1857 595 1898; x_wconf 83' lang='lat' dir='ltr'><strong>corporis</strong></span> <span class='ocrx_word' id='word_1_320' title='bbox 623 1855 775 1898; x_wconf 70' lang='lat' dir='ltr'><strong>christib)</strong></span> <span class='ocrx_word' id='word_1_321' title='bbox 806 1856 973 1898; x_wconf 83' lang='lat' dir='ltr'><strong>sepultura</strong></span> <span class='ocrx_word' id='word_1_322' title='bbox 1005 1856 1034 1888; x_wconf 79' lang='grc' dir='ltr'><strong>(1ἰ</strong></span> <span class='ocrx_word' id='word_1_323' title='bbox 1058 1856 1255 1888; x_wconf 82' lang='lat' dir='ltr'><strong>Wernhardi</strong></span> <span class='ocrx_word' id='word_1_324' title='bbox 1284 1856 1497 1898; x_wconf 75' lang='lat' dir='ltr'><strong>Hauzzonisf)</strong></span> <span class='ocrx_word' id='word_1_325' title='bbox 1529 1859 1562 1888; x_wconf 87' lang='lat' dir='ltr'><strong>et</strong></span> <span class='ocrx_word' id='word_1_326' title='bbox 1592 1856 1648 1888; x_wconf 87' lang='lat' dir='ltr'><strong>filii</strong></span> <span class='ocrx_word' id='word_1_327' title='bbox 1680 1857 1729 1887; x_wconf 84' lang='lat' dir='ltr'><strong>sui</strong></span> <span class='ocrx_word' id='word_1_328' title='bbox 1760 1855 1790 1887; x_wconf 82' lang='lat' dir='ltr'><strong>di</strong></span> 
     </span>
     <span class='ocr_line' id='line_1_33' title="bbox 132 1907 503 1939; baseline 0 0"><span class='ocrx_word' id='word_1_329' title='bbox 132 1907 288 1939; x_wconf 86' lang='lat' dir='ltr'><strong>Friderici</strong></span> <span class='ocrx_word' id='word_1_330' title='bbox 312 1907 503 1939; x_wconf 78' lang='lat' dir='ltr'><strong>Hauzzonis.</strong></span> 
     </span>
     <span class='ocr_line' id='line_1_34' title="bbox 235 1959 1788 2002; baseline 0.001 -12"><span class='ocrx_word' id='word_1_331' title='bbox 235 1959 273 1990; x_wconf 89' lang='lat' dir='ltr'>In</span> <span class='ocrx_word' id='word_1_332' title='bbox 296 1959 421 2001; x_wconf 83' lang='lat' dir='ltr'><strong>capella</strong></span> <span class='ocrx_word' id='word_1_333' title='bbox 443 1959 467 1990; x_wconf 79' lang='lat' dir='ltr'><strong>si</strong></span> <span class='ocrx_word' id='word_1_334' title='bbox 485 1959 674 2002; x_wconf 73' lang='lat' dir='ltr'><strong>Iohannisb)</strong></span> <span class='ocrx_word' id='word_1_335' title='bbox 702 1963 751 1992; x_wconf 89' lang='lat' dir='ltr'><strong>est</strong></span> <span class='ocrx_word' id='word_1_336' title='bbox 774 1960 938 2001; x_wconf 80' lang='lat' dir='ltr'><strong>sepultura</strong></span> <span class='ocrx_word' id='word_1_337' title='bbox 962 1959 991 1991; x_wconf 84' lang='lat' dir='ltr'><strong>di</strong></span> <span class='ocrx_word' id='word_1_338' title='bbox 1015 1959 1114 1992; x_wconf 83' lang='lat' dir='ltr'><strong>Ulrici</strong></span> <span class='ocrx_word' id='word_1_339' title='bbox 1139 1960 1223 1991; x_wconf 83' lang='lat' dir='ltr'><strong>circa</strong></span> <span class='ocrx_word' id='word_1_340' title='bbox 1247 1959 1299 1991; x_wconf 74' lang='lat' dir='ltr'><strong>fres</strong></span> <span class='ocrx_word' id='word_1_341' title='bbox 1323 1960 1457 1991; x_wconf 86' lang='lat' dir='ltr'><strong>senioris</strong></span> <span class='ocrx_word' id='word_1_342' title='bbox 1481 1964 1514 1991; x_wconf 87' lang='lat' dir='ltr'><strong>et</strong></span> <span class='ocrx_word' id='word_1_343' title='bbox 1536 1959 1627 2002; x_wconf 59' lang='lat' dir='ltr'><strong>filiis)</strong></span> <span class='ocrx_word' id='word_1_344' title='bbox 1650 1960 1735 2001; x_wconf 74' lang='lat' dir='ltr'><strong>suiss)</strong></span> <span class='ocrx_word' id='word_1_345' title='bbox 1760 1959 1788 1991; x_wconf 87' lang='lat' dir='ltr'><strong>di</strong></span> 
     </span>
     <span class='ocr_line' id='line_1_35' title="bbox 133 2010 1437 2054; baseline 0.001 -12"><span class='ocrx_word' id='word_1_346' title='bbox 133 2010 261 2042; x_wconf 87' lang='lat' dir='ltr'><strong>Ottonis</strong></span> <span class='ocrx_word' id='word_1_347' title='bbox 284 2014 317 2042; x_wconf 88' lang='lat' dir='ltr'><strong>et</strong></span> <span class='ocrx_word' id='word_1_348' title='bbox 339 2010 404 2042; x_wconf 62' lang='lat' dir='ltr'><strong>uxis</strong></span> <span class='ocrx_word' id='word_1_349' title='bbox 427 2010 602 2043; x_wconf 86' lang='lat' dir='ltr'><strong>eorundem</strong></span> <span class='ocrx_word' id='word_1_350' title='bbox 626 2014 659 2043; x_wconf 89' lang='lat' dir='ltr'><strong>et</strong></span> <span class='ocrx_word' id='word_1_351' title='bbox 668 2011 696 2053; x_wconf 79' lang='lat'><strong>⁸)</strong></span> <span class='ocrx_word' id='word_1_352' title='bbox 719 2011 781 2043; x_wconf 89' lang='lat' dir='ltr'><strong>hoc</strong></span> <span class='ocrx_word' id='word_1_353' title='bbox 805 2011 863 2043; x_wconf 92' lang='lat' dir='ltr'><strong>sub</strong></span> <span class='ocrx_word' id='word_1_354' title='bbox 887 2011 996 2054; x_wconf 81' lang='lat' dir='ltr'><strong>lapide</strong></span> <span class='ocrx_word' id='word_1_355' title='bbox 1019 2022 1147 2053; x_wconf 77' lang='lat' dir='ltr'>magno,</span> <span class='ocrx_word' id='word_1_356' title='bbox 1172 2011 1226 2043; x_wconf 91' lang='lat' dir='ltr'><strong>ubi</strong></span> <span class='ocrx_word' id='word_1_357' title='bbox 1249 2011 1358 2043; x_wconf 83' lang='lat' dir='ltr'><strong>littera</strong></span> <span class='ocrx_word' id='word_1_358' title='bbox 1374 2036 1381 2043; x_wconf 91' lang='lat'>.</span> <span class='ocrx_word' id='word_1_359' title='bbox 1399 2011 1437 2053; x_wconf 55' lang='grc' dir='ltr'><strong>Ρ)</strong></span> 
     </span>
     <span class='ocr_line' id='line_1_36' title="bbox 87 2062 1788 2105; baseline 0 -11"><span class='ocrx_word' id='word_1_360' title='bbox 87 2078 112 2098; x_wconf 77' lang='lat'><strong>³⁵</strong></span> <span class='ocrx_word' id='word_1_361' title='bbox 235 2063 318 2095; x_wconf 88' lang='lat' dir='ltr'><strong>Item</strong></span> <span class='ocrx_word' id='word_1_362' title='bbox 348 2063 380 2094; x_wconf 90' lang='lat' dir='ltr'><strong>in</strong></span> <span class='ocrx_word' id='word_1_363' title='bbox 408 2062 578 2104; x_wconf 83' lang='lat' dir='ltr'><strong>sepulchro</strong></span> <span class='ocrx_word' id='word_1_364' title='bbox 607 2063 697 2095; x_wconf 73' lang='lat' dir='ltr'><strong>iuxta</strong></span> <span class='ocrx_word' id='word_1_365' title='bbox 724 2074 849 2095; x_wconf 86' lang='lat' dir='ltr'><strong>murum</strong></span> <span class='ocrx_word' id='word_1_366' title='bbox 879 2063 937 2095; x_wconf 89' lang='lat' dir='ltr'><strong>snb</strong></span> <span class='ocrx_word' id='word_1_367' title='bbox 965 2063 1107 2095; x_wconf 81' lang='lat' dir='ltr'><strong>fenestra</strong></span> <span class='ocrx_word' id='word_1_368' title='bbox 1134 2063 1279 2105; x_wconf 88' lang='lat' dir='ltr'><strong>sepultus</strong></span> <span class='ocrx_word' id='word_1_369' title='bbox 1305 2066 1354 2095; x_wconf 86' lang='lat' dir='ltr'><strong>est</strong></span> <span class='ocrx_word' id='word_1_370' title='bbox 1383 2062 1413 2094; x_wconf 87' lang='lat' dir='ltr'><strong>d.</strong></span> <span class='ocrx_word' id='word_1_371' title='bbox 1430 2062 1557 2094; x_wconf 87' lang='lat' dir='ltr'><strong>Ulricus</strong></span> <span class='ocrx_word' id='word_1_372' title='bbox 1583 2062 1626 2094; x_wconf 89' lang='lat' dir='ltr'><strong>fil.</strong></span> <span class='ocrx_word' id='word_1_373' title='bbox 1643 2063 1788 2103; x_wconf 82' lang='lat' dir='ltr'><strong>senioris,</strong></span> 
     </span>
     <span class='ocr_line' id='line_1_37' title="bbox 132 2114 1013 2157; baseline 0 -11"><span class='ocrx_word' id='word_1_374' title='bbox 132 2114 186 2146; x_wconf 84' lang='lat' dir='ltr'><strong>ubi</strong></span> <span class='ocrx_word' id='word_1_375' title='bbox 210 2115 316 2146; x_wconf 83' lang='lat' dir='ltr'><strong>littera</strong></span> <span class='ocrx_word' id='word_1_376' title='bbox 334 2139 340 2145; x_wconf 92' lang='lat'><em>.</em></span> <span class='ocrx_word' id='word_1_377' title='bbox 359 2114 407 2156; x_wconf 58' lang='lat'>3¹),</span> <span class='ocrx_word' id='word_1_378' title='bbox 432 2118 464 2146; x_wconf 89' lang='lat' dir='ltr'><strong>et</strong></span> <span class='ocrx_word' id='word_1_379' title='bbox 488 2114 517 2146; x_wconf 94' lang='lat' dir='ltr'><strong>d.</strong></span> <span class='ocrx_word' id='word_1_380' title='bbox 534 2114 662 2147; x_wconf 76' lang='lat' dir='ltr'><strong>Ulrieu‘s</strong></span> <span class='ocrx_word' id='word_1_381' title='bbox 684 2115 789 2146; x_wconf 88' lang='lat' dir='ltr'><strong>iunior</strong></span> <span class='ocrx_word' id='word_1_382' title='bbox 811 2116 896 2146; x_wconf 85' lang='lat' dir='ltr'><strong>circa</strong></span> <span class='ocrx_word' id='word_1_383' title='bbox 919 2115 1013 2157; x_wconf 50' lang='lat' dir='ltr'><strong>frema)</strong></span> 
     </span>
     <span class='ocr_line' id='line_1_38' title="bbox 236 2165 1092 2208; baseline 0.001 -11"><span class='ocrx_word' id='word_1_384' title='bbox 236 2166 271 2197; x_wconf 90' lang='lat' dir='ltr'>In</span> <span class='ocrx_word' id='word_1_385' title='bbox 297 2165 412 2198; x_wconf 88' lang='lat' dir='ltr'><strong>eadem</strong></span> <span class='ocrx_word' id='word_1_386' title='bbox 436 2166 562 2208; x_wconf 83' lang='lat' dir='ltr'><strong>capella</strong></span> <span class='ocrx_word' id='word_1_387' title='bbox 584 2167 676 2198; x_wconf 84' lang='lat' dir='ltr'><strong>iuxta</strong></span> <span class='ocrx_word' id='word_1_388' title='bbox 698 2167 827 2198; x_wconf 83' lang='lat' dir='ltr'><strong>ianuam</strong></span> <span class='ocrx_word' id='word_1_389' title='bbox 851 2166 888 2198; x_wconf 87' lang='lat' dir='ltr'><strong>fr.</strong></span> <span class='ocrx_word' id='word_1_390' title='bbox 906 2166 1008 2198; x_wconf 84' lang='lat' dir='ltr'><strong>Griffo</strong></span> <span class='ocrx_word' id='word_1_391' title='bbox 1032 2166 1092 2208; x_wconf 71' lang='lat' dir='ltr'><strong>fr.³)</strong></span> 
     </span>
    </p>
   </div>
   <div class='ocr_carea' id='block_1_6' title="bbox 236 2229 1789 2326">
    <p class='ocr_par' dir='ltr' id='par_1_6' title="bbox 236 2229 1789 2326">
     <span class='ocr_line' id='line_1_39' title="bbox 239 2229 1298 2274; baseline 0.001 -12"><span class='ocrx_word' id='word_1_392' title='bbox 239 2229 309 2262; x_wconf 88' lang='lat' dir='ltr'><strong>Isti</strong></span> <span class='ocrx_word' id='word_1_393' title='bbox 333 2230 418 2262; x_wconf 88' lang='lat' dir='ltr'><strong>sunt</strong></span> <span class='ocrx_word' id='word_1_394' title='bbox 440 2230 575 2271; x_wconf 85' lang='lat' dir='ltr'><strong>sepulti</strong></span> <span class='ocrx_word' id='word_1_395' title='bbox 598 2230 635 2262; x_wconf 86' lang='grc'><strong>111</strong></span> <span class='ocrx_word' id='word_1_396' title='bbox 659 2230 798 2271; x_wconf 78' lang='lat' dir='ltr'><strong>capella</strong></span> <span class='ocrx_word' id='word_1_397' title='bbox 820 2230 855 2263; x_wconf 83' lang='lat' dir='ltr'><strong>b.</strong></span> <span class='ocrx_word' id='word_1_398' title='bbox 873 2230 1072 2263; x_wconf 77' lang='lat' dir='ltr'><strong>Ratherine</strong></span> <span class='ocrx_word' id='word_1_399' title='bbox 1097 2230 1298 2274; x_wconf 67' lang='lat' dir='ltr'><strong>virginisk):</strong></span> 
     </span>
     <span class='ocr_line' id='line_1_40' title="bbox 236 2281 1789 2326; baseline 0.002 -13"><span class='ocrx_word' id='word_1_400' title='bbox 236 2281 407 2323; x_wconf 82' lang='lat' dir='ltr'><strong>Sepultura</strong></span> <span class='ocrx_word' id='word_1_401' title='bbox 437 2281 466 2313; x_wconf 76' lang='lat' dir='ltr'><strong>di</strong></span> <span class='ocrx_word' id='word_1_402' title='bbox 489 2282 623 2314; x_wconf 87' lang='lat' dir='ltr'><strong>Dietrici</strong></span> <span class='ocrx_word' id='word_1_403' title='bbox 651 2282 692 2314; x_wconf 90' lang='lat' dir='ltr'><strong>de</strong></span> <span class='ocrx_word' id='word_1_404' title='bbox 723 2282 919 2324; x_wconf 84' lang='lat' dir='ltr'><strong>Pilichdorf,</strong></span> <span class='ocrx_word' id='word_1_405' title='bbox 952 2282 1141 2315; x_wconf 82' lang='lat' dir='ltr'><strong>marschalci</strong></span> <span class='ocrx_word' id='word_1_406' title='bbox 1172 2283 1306 2326; x_wconf 75' lang='lat' dir='ltr'><strong>terreb),</strong></span> <span class='ocrx_word' id='word_1_407' title='bbox 1343 2287 1393 2315; x_wconf 85' lang='lat' dir='ltr'><strong>est</strong></span> <span class='ocrx_word' id='word_1_408' title='bbox 1419 2283 1531 2325; x_wconf 84' lang='lat' dir='ltr'><strong>¹)inter</strong></span> <span class='ocrx_word' id='word_1_409' title='bbox 1557 2283 1671 2315; x_wconf 79' lang='lat' dir='ltr'><strong>altaria</strong></span> <span class='ocrx_word' id='word_1_410' title='bbox 1700 2284 1789 2316; x_wconf 86' lang='lat' dir='ltr'><strong>vide-</strong></span> 
     </span>
    </p>
   </div>
   <div class='ocr_carea' id='block_1_7' title="bbox 89 2333 1788 2427">
    <p class='ocr_par' dir='ltr' id='par_1_7' title="bbox 89 2333 1788 2427">
     <span class='ocr_line' id='line_1_41' title="bbox 89 2333 1788 2377; baseline 0.001 -12"><span class='ocrx_word' id='word_1_411' title='bbox 89 2350 115 2369; x_wconf 70' lang='grc' dir='ltr'><strong>ω</strong></span> <span class='ocrx_word' id='word_1_412' title='bbox 133 2334 208 2366; x_wconf 84' lang='lat' dir='ltr'><strong>licet</strong></span> <span class='ocrx_word' id='word_1_413' title='bbox 232 2333 261 2365; x_wconf 87' lang='lat' dir='ltr'><strong>b.</strong></span> <span class='ocrx_word' id='word_1_414' title='bbox 278 2334 455 2365; x_wconf 79' lang='lat' dir='ltr'><strong>Katherine</strong></span> <span class='ocrx_word' id='word_1_415' title='bbox 484 2337 518 2366; x_wconf 89' lang='lat' dir='ltr'><strong>et</strong></span> <span class='ocrx_word' id='word_1_416' title='bbox 539 2334 570 2366; x_wconf 91' lang='lat' dir='ltr'><strong>b.</strong></span> <span class='ocrx_word' id='word_1_417' title='bbox 587 2333 714 2374; x_wconf 81' lang='lat' dir='ltr'><strong>Georii,</strong></span> <span class='ocrx_word' id='word_1_418' title='bbox 745 2338 779 2366; x_wconf 85' lang='lat' dir='ltr'><strong>et</strong></span> <span class='ocrx_word' id='word_1_419' title='bbox 806 2338 854 2366; x_wconf 87' lang='lat' dir='ltr'><strong>est</strong></span> <span class='ocrx_word' id='word_1_420' title='bbox 882 2334 1043 2367; x_wconf 83' lang='lat' dir='ltr'><strong>elevatum</strong></span> <span class='ocrx_word' id='word_1_421' title='bbox 1070 2335 1290 2377; x_wconf 79' lang='lat' dir='ltr'><strong>sepulchrum,</strong></span> <span class='ocrx_word' id='word_1_422' title='bbox 1322 2334 1409 2377; x_wconf 89' lang='lat' dir='ltr'><strong>quod</strong></span> <span class='ocrx_word' id='word_1_423' title='bbox 1436 2338 1485 2367; x_wconf 83' lang='lat' dir='ltr'><strong>est</strong></span> <span class='ocrx_word' id='word_1_424' title='bbox 1512 2336 1596 2368; x_wconf 83' lang='lat' dir='ltr'><strong>inter</strong></span> <span class='ocrx_word' id='word_1_425' title='bbox 1618 2335 1788 2375; x_wconf 84' lang='lat' dir='ltr'><strong>concellos,</strong></span> 
     </span>
     <span class='ocr_line' id='line_1_42' title="bbox 133 2385 410 2427; baseline -0.004 -10"><span class='ocrx_word' id='word_1_426' title='bbox 133 2385 188 2417; x_wconf 92' lang='lat' dir='ltr'><strong>ubi</strong></span> <span class='ocrx_word' id='word_1_427' title='bbox 212 2386 319 2417; x_wconf 79' lang='lat' dir='ltr'><strong>littera</strong></span> <span class='ocrx_word' id='word_1_428' title='bbox 342 2386 410 2427; x_wconf 53' lang='grc' dir='ltr'><strong>ΑΡ)</strong></span> 
     </span>
    </p>
   </div>
   <div class='ocr_carea' id='block_1_8' title="bbox 132 2437 1817 2532">
    <p class='ocr_par' dir='ltr' id='par_1_8' title="bbox 132 2437 1817 2532">
     <span class='ocr_line' id='line_1_43' title="bbox 236 2437 1817 2481; baseline 0 -13"><span class='ocrx_word' id='word_1_429' title='bbox 236 2437 323 2469; x_wconf 87' lang='lat' dir='ltr'><strong>Ante</strong></span> <span class='ocrx_word' id='word_1_430' title='bbox 347 2437 448 2469; x_wconf 83' lang='lat' dir='ltr'><strong>altare</strong></span> <span class='ocrx_word' id='word_1_431' title='bbox 472 2437 502 2469; x_wconf 91' lang='lat' dir='ltr'><strong>b.</strong></span> <span class='ocrx_word' id='word_1_432' title='bbox 516 2437 695 2469; x_wconf 80' lang='lat' dir='ltr'><strong>Katherine</strong></span> <span class='ocrx_word' id='word_1_433' title='bbox 715 2438 891 2471; x_wconf 84' lang='lat' dir='ltr'><strong>inmediate</strong></span> <span class='ocrx_word' id='word_1_434' title='bbox 908 2439 998 2470; x_wconf 82' lang='lat' dir='ltr'><strong>iuxta</strong></span> <span class='ocrx_word' id='word_1_435' title='bbox 1014 2449 1141 2471; x_wconf 90' lang='lat' dir='ltr'><strong>murum</strong></span> <span class='ocrx_word' id='word_1_436' title='bbox 1157 2442 1207 2471; x_wconf 86' lang='lat' dir='ltr'><strong>est</strong></span> <span class='ocrx_word' id='word_1_437' title='bbox 1222 2439 1367 2481; x_wconf 77' lang='lat' dir='ltr'><strong>sepultus</strong></span> <span class='ocrx_word' id='word_1_438' title='bbox 1384 2438 1414 2471; x_wconf 87' lang='lat' dir='ltr'><strong>d.</strong></span> <span class='ocrx_word' id='word_1_439' title='bbox 1427 2438 1544 2471; x_wconf 90' lang='lat' dir='ltr'><strong>Petrus</strong></span> <span class='ocrx_word' id='word_1_440' title='bbox 1560 2449 1628 2480; x_wconf 87' lang='lat' dir='ltr'><strong>eps.</strong></span> <span class='ocrx_word' id='word_1_441' title='bbox 1641 2438 1789 2470; x_wconf 81' lang='lat' dir='ltr'><strong>Marchu-</strong></span> <span class='ocrx_word' id='word_1_442' title='bbox 1815 2474 1817 2477; x_wconf 17' lang='grc' dir='ltr'><em>Α</em></span> 
     </span>
     <span class='ocr_line' id='line_1_44' title="bbox 132 2488 1119 2532; baseline 0.002 -11"><span class='ocrx_word' id='word_1_443' title='bbox 132 2488 284 2531; x_wconf 84' lang='lat' dir='ltr'><strong>polensis,</strong></span> <span class='ocrx_word' id='word_1_444' title='bbox 308 2489 427 2521; x_wconf 87' lang='lat' dir='ltr'><strong>ordinis</strong></span> <span class='ocrx_word' id='word_1_445' title='bbox 450 2490 620 2531; x_wconf 89' lang='lat' dir='ltr'><strong>Minorum,</strong></span> <span class='ocrx_word' id='word_1_446' title='bbox 645 2489 697 2522; x_wconf 88' lang='lat' dir='ltr'><strong>ob.</strong></span> <span class='ocrx_word' id='word_1_447' title='bbox 718 2491 810 2531; x_wconf 87' lang='grc'>1349,</span> <span class='ocrx_word' id='word_1_448' title='bbox 833 2490 889 2522; x_wconf 92' lang='lat' dir='ltr'><strong>ubi</strong></span> <span class='ocrx_word' id='word_1_449' title='bbox 911 2491 1020 2523; x_wconf 84' lang='lat' dir='ltr'><strong>littera</strong></span> <span class='ocrx_word' id='word_1_450' title='bbox 1043 2491 1119 2532; x_wconf 84' lang='lat' dir='ltr'>B.¹¹¹)</span> 
     </span>
    </p>
   </div>
   <div class='ocr_carea' id='block_1_9' title="bbox 90 2611 1790 2774">
    <p class='ocr_par' dir='ltr' id='par_1_9' title="bbox 236 2611 1788 2645">
     <span class='ocr_line' id='line_1_45' title="bbox 236 2611 1788 2645; baseline -0.001 -9"><span class='ocrx_word' id='word_1_451' title='bbox 236 2611 259 2642; x_wconf 74' lang='grc' dir='ltr'><strong>ι)</strong></span> <span class='ocrx_word' id='word_1_452' title='bbox 284 2611 335 2636; x_wconf 73' lang='lat' dir='ltr'><strong>Hic</strong></span> <span class='ocrx_word' id='word_1_453' title='bbox 362 2611 450 2636; x_wconf 64' lang='lat' dir='ltr'><strong>titulun</strong></span> <span class='ocrx_word' id='word_1_454' title='bbox 476 2611 560 2637; x_wconf 84' lang='lat' dir='ltr'><strong>colore</strong></span> <span class='ocrx_word' id='word_1_455' title='bbox 586 2611 665 2637; x_wconf 77' lang='lat' dir='ltr'><strong>rubro</strong></span> <span class='ocrx_word' id='word_1_456' title='bbox 692 2611 808 2644; x_wconf 63' lang='lat' dir='ltr'><strong>scripum.</strong></span> <span class='ocrx_word' id='word_1_457' title='bbox 921 2611 947 2643; x_wconf 84' lang='lat' dir='ltr'><strong>b)</strong></span> <span class='ocrx_word' id='word_1_458' title='bbox 971 2612 1132 2638; x_wconf 70' lang='lat' dir='ltr'><strong>,Praecedens</strong></span> <span class='ocrx_word' id='word_1_459' title='bbox 1158 2613 1234 2638; x_wconf 68' lang='lat' dir='ltr'><strong>leuius</strong></span> <span class='ocrx_word' id='word_1_460' title='bbox 1259 2617 1336 2638; x_wconf 78' lang='lat' dir='ltr'><strong>notae</strong></span> <span class='ocrx_word' id='word_1_461' title='bbox 1361 2621 1425 2645; x_wconf 75' lang='lat' dir='ltr'><strong>pars</strong></span> <span class='ocrx_word' id='word_1_462' title='bbox 1452 2612 1521 2637; x_wconf 69' lang='lat' dir='ltr'><strong>linea</strong></span> <span class='ocrx_word' id='word_1_463' title='bbox 1547 2612 1629 2637; x_wconf 78' lang='lat' dir='ltr'><strong>rubra</strong></span> <span class='ocrx_word' id='word_1_464' title='bbox 1656 2611 1788 2643; x_wconf 69' lang='lat' dir='ltr'><strong>supposita</strong></span> 
     </span>
    </p>

    <p class='ocr_par' dir='ltr' id='par_1_10' title="bbox 90 2652 1790 2774">
     <span class='ocr_line' id='line_1_46' title="bbox 90 2652 1790 2688; baseline 0 -10"><span class='ocrx_word' id='word_1_465' title='bbox 90 2664 116 2684; x_wconf 74' lang='lat'><strong>45</strong></span> <span class='ocrx_word' id='word_1_466' title='bbox 135 2652 262 2678; x_wconf 67' lang='lat' dir='ltr'><strong>dictincta.</strong></span> <span class='ocrx_word' id='word_1_467' title='bbox 373 2654 396 2685; x_wconf 64' lang='grc' dir='ltr'><strong>θ)</strong></span> <span class='ocrx_word' id='word_1_468' title='bbox 416 2654 514 2680; x_wconf 70' lang='lat' dir='ltr'><strong>Littera</strong></span> <span class='ocrx_word' id='word_1_469' title='bbox 536 2654 622 2679; x_wconf 79' lang='lat' dir='ltr'><strong>colore</strong></span> <span class='ocrx_word' id='word_1_470' title='bbox 642 2654 722 2679; x_wconf 74' lang='lat' dir='ltr'><strong>mbr-o</strong></span> <span class='ocrx_word' id='word_1_471' title='bbox 744 2655 849 2687; x_wconf 70' lang='lat' dir='ltr'><strong>scripta.</strong></span> <span class='ocrx_word' id='word_1_472' title='bbox 959 2654 985 2688; x_wconf 84' lang='lat' dir='ltr'><strong>d)</strong></span> <span class='ocrx_word' id='word_1_473' title='bbox 1005 2655 1095 2688; x_wconf 81' lang='lat' dir='ltr'><strong>Supra</strong></span> <span class='ocrx_word' id='word_1_474' title='bbox 1117 2656 1200 2681; x_wconf 79' lang='lat' dir='ltr'><strong>locum</strong></span> <span class='ocrx_word' id='word_1_475' title='bbox 1221 2664 1318 2681; x_wconf 66' lang='lat' dir='ltr'><strong>rasum.</strong></span> <span class='ocrx_word' id='word_1_476' title='bbox 1428 2656 1452 2687; x_wconf 73' lang='grc' dir='ltr'><strong>θ)</strong></span> <span class='ocrx_word' id='word_1_477' title='bbox 1470 2655 1607 2680; x_wconf 62' lang='lat' dir='ltr'><strong>Praecedit</strong></span> <span class='ocrx_word' id='word_1_478' title='bbox 1624 2655 1695 2680; x_wconf 76' lang='lat' dir='ltr'><strong>locus</strong></span> <span class='ocrx_word' id='word_1_479' title='bbox 1713 2661 1790 2679; x_wconf 72' lang='lat' dir='ltr'><strong>rasus</strong></span> 
     </span>
     <span class='ocr_line' id='line_1_47' title="bbox 132 2695 1789 2731; baseline 0.002 -11"><span class='ocrx_word' id='word_1_480' title='bbox 132 2696 224 2721; x_wconf 80' lang='lat' dir='ltr'><strong>maior.</strong></span> <span class='ocrx_word' id='word_1_481' title='bbox 338 2695 358 2726; x_wconf 74' lang='lat' dir='ltr'><strong>f)</strong></span> <span class='ocrx_word' id='word_1_482' title='bbox 383 2695 407 2722; x_wconf 63' lang='lat' dir='ltr'><strong>df</strong></span> <span class='ocrx_word' id='word_1_483' title='bbox 433 2697 586 2722; x_wconf 76' lang='lat' dir='ltr'><strong>Wernhardi</strong></span> <span class='ocrx_word' id='word_1_484' title='bbox 614 2698 760 2723; x_wconf 76' lang='lat' dir='ltr'><strong>Hauzzonis</strong></span> <span class='ocrx_word' id='word_1_485' title='bbox 789 2706 866 2731; x_wconf 73' lang='lat' dir='ltr'><strong>super</strong></span> <span class='ocrx_word' id='word_1_486' title='bbox 895 2699 949 2724; x_wconf 83' lang='lat' dir='ltr'><strong>loco</strong></span> <span class='ocrx_word' id='word_1_487' title='bbox 981 2707 1041 2724; x_wconf 67' lang='lat' dir='ltr'><strong>raso</strong></span> <span class='ocrx_word' id='word_1_488' title='bbox 1068 2699 1172 2731; x_wconf 71' lang='lat' dir='ltr'><strong>scripta.</strong></span> <span class='ocrx_word' id='word_1_489' title='bbox 1287 2699 1312 2729; x_wconf 76' lang='lat'><strong>8)</strong></span> <span class='ocrx_word' id='word_1_490' title='bbox 1337 2698 1458 2731; x_wconf 76' lang='lat' dir='ltr'><strong>Sequitur</strong></span> <span class='ocrx_word' id='word_1_491' title='bbox 1485 2698 1556 2723; x_wconf 73' lang='lat' dir='ltr'><strong>locus</strong></span> <span class='ocrx_word' id='word_1_492' title='bbox 1582 2705 1659 2723; x_wconf 68' lang='lat' dir='ltr'><strong>rasus</strong></span> <span class='ocrx_word' id='word_1_493' title='bbox 1681 2705 1789 2730; x_wconf 59' lang='lat' dir='ltr'><strong>parma.</strong></span> 
     </span>
     <span class='ocr_line' id='line_1_48' title="bbox 134 2737 1790 2774; baseline 0.001 -10"><span class='ocrx_word' id='word_1_494' title='bbox 134 2737 161 2770; x_wconf 77' lang='lat' dir='ltr'><strong>h)</strong></span> <span class='ocrx_word' id='word_1_495' title='bbox 185 2738 284 2764; x_wconf 77' lang='lat' dir='ltr'><strong>Littera</strong></span> <span class='ocrx_word' id='word_1_496' title='bbox 311 2740 395 2766; x_wconf 79' lang='lat' dir='ltr'><strong>colore</strong></span> <span class='ocrx_word' id='word_1_497' title='bbox 420 2740 499 2765; x_wconf 84' lang='lat' dir='ltr'><strong>rubro</strong></span> <span class='ocrx_word' id='word_1_498' title='bbox 525 2740 621 2772; x_wconf 66' lang='lat' dir='ltr'><strong>scripta</strong></span> <span class='ocrx_word' id='word_1_499' title='bbox 648 2741 765 2766; x_wconf 79' lang='lat' dir='ltr'><strong>radendo</strong></span> <span class='ocrx_word' id='word_1_500' title='bbox 791 2741 882 2767; x_wconf 78' lang='lat' dir='ltr'><strong>deleta.</strong></span> <span class='ocrx_word' id='word_1_501' title='bbox 993 2741 1010 2773; x_wconf 77' lang='grc' dir='ltr'><strong>ἰ)</strong></span> <span class='ocrx_word' id='word_1_502' title='bbox 1036 2741 1157 2774; x_wconf 79' lang='lat' dir='ltr'><strong>Sequitur</strong></span> <span class='ocrx_word' id='word_1_503' title='bbox 1181 2742 1252 2767; x_wconf 71' lang='lat' dir='ltr'><strong>loom</strong></span> <span class='ocrx_word' id='word_1_504' title='bbox 1274 2750 1351 2767; x_wconf 72' lang='lat' dir='ltr'><strong>rasus</strong></span> <span class='ocrx_word' id='word_1_505' title='bbox 1375 2742 1468 2767; x_wconf 81' lang='lat' dir='ltr'><strong>maior.</strong></span> <span class='ocrx_word' id='word_1_506' title='bbox 1578 2739 1604 2772; x_wconf 78' lang='lat' dir='ltr'><strong>k)</strong></span> <span class='ocrx_word' id='word_1_507' title='bbox 1628 2740 1790 2766; x_wconf 63' lang='lat' dir='ltr'><strong>Praecedens</strong></span> 
     </span>
    </p>
   </div>
   <div class='ocr_carea' id='block_1_10' title="bbox 132 2781 1791 2858">
    <p class='ocr_par' dir='ltr' id='par_1_11' title="bbox 132 2781 1791 2858">
     <span class='ocr_line' id='line_1_49' title="bbox 132 2781 1791 2818; baseline 0.002 -12"><span class='ocrx_word' id='word_1_508' title='bbox 132 2786 195 2807; x_wconf 79' lang='lat' dir='ltr'><strong>nota</strong></span> <span class='ocrx_word' id='word_1_509' title='bbox 217 2782 300 2807; x_wconf 78' lang='lat' dir='ltr'><strong>colore</strong></span> <span class='ocrx_word' id='word_1_510' title='bbox 321 2783 401 2808; x_wconf 76' lang='lat' dir='ltr'><strong>rubro</strong></span> <span class='ocrx_word' id='word_1_511' title='bbox 423 2783 527 2816; x_wconf 68' lang='lat' dir='ltr'><strong>scripta.</strong></span> <span class='ocrx_word' id='word_1_512' title='bbox 632 2781 651 2815; x_wconf 91' lang='lat'><strong>¹)</strong></span> <span class='ocrx_word' id='word_1_513' title='bbox 671 2783 784 2816; x_wconf 68' lang='lat' dir='ltr'><strong>Sequens</strong></span> <span class='ocrx_word' id='word_1_514' title='bbox 805 2784 880 2810; x_wconf 73' lang='lat' dir='ltr'><strong>huius</strong></span> <span class='ocrx_word' id='word_1_515' title='bbox 903 2789 978 2810; x_wconf 78' lang='lat' dir='ltr'><strong>notae</strong></span> <span class='ocrx_word' id='word_1_516' title='bbox 997 2793 1063 2817; x_wconf 68' lang='lat' dir='ltr'><strong>pars</strong></span> <span class='ocrx_word' id='word_1_517' title='bbox 1087 2793 1164 2818; x_wconf 75' lang='lat' dir='ltr'><strong>super</strong></span> <span class='ocrx_word' id='word_1_518' title='bbox 1186 2786 1240 2811; x_wconf 85' lang='lat' dir='ltr'><strong>loco</strong></span> <span class='ocrx_word' id='word_1_519' title='bbox 1259 2793 1320 2810; x_wconf 74' lang='grc' dir='ltr'><em>ναεο</em></span> <span class='ocrx_word' id='word_1_520' title='bbox 1339 2785 1442 2818; x_wconf 76' lang='lat' dir='ltr'><strong>scripta.</strong></span> <span class='ocrx_word' id='word_1_521' title='bbox 1548 2783 1581 2815; x_wconf 71' lang='lat'>¹¹¹¹)</span> <span class='ocrx_word' id='word_1_522' title='bbox 1599 2784 1645 2809; x_wconf 91' lang='lat' dir='ltr'><strong>ubi</strong></span> <span class='ocrx_word' id='word_1_523' title='bbox 1663 2783 1748 2809; x_wconf 78' lang='lat' dir='ltr'><strong>littera</strong></span> <span class='ocrx_word' id='word_1_524' title='bbox 1771 2785 1791 2809; x_wconf 84' lang='lat' dir='ltr'>B</span> 
     </span>
     <span class='ocr_line' id='line_1_50' title="bbox 133 2824 464 2858; baseline 0 -8"><span class='ocrx_word' id='word_1_525' title='bbox 133 2825 219 2850; x_wconf 80' lang='lat' dir='ltr'><strong>colore</strong></span> <span class='ocrx_word' id='word_1_526' title='bbox 237 2824 316 2851; x_wconf 78' lang='lat' dir='ltr'><strong>rubro</strong></span> <span class='ocrx_word' id='word_1_527' title='bbox 334 2825 464 2858; x_wconf 67' lang='lat' dir='ltr'><strong>scripum.</strong></span> 
     </span>
    </p>
   </div>
  </div>
 </body>
</html>
