2150 3178
320 201 382 230 150
841 196 1108 226 NECROLOGIUM
1126 197 1465 227 MARIAEOELLENSE.

317 288 361 317 28.
451 289 555 316 V.kal.
579 283 805 316 Hainrious
834 284 917 327 pbr.
942 288 975 318 ot
996 295 1039 318 m.
1055 296 1087 318 ιι.
1104 296 1131 318 o.
1176 285 1417 318 Lewtoldus
1439 295 1494 318 ov.
1510 295 1541 318 n.
1558 296 1586 319 0.
1631 285 1874 320 chunradus
1897 287 1941 320 fr.
1957 299 1988 320 n.

631 336 728 368 Anna
750 336 784 368 1⁸.
830 336 872 369 D.
889 336 1032 369 Thomas
1049 337 1090 370 de
1103 337 1280 380 Veytraoh‚
1304 337 1359 380 qui
1382 336 1475 370 dedit
1496 337 1571 370 huio
1592 337 1692 371 mon¹⁰
1713 338 1832 372 librum
1849 339 1988 372 ‘Katho-

631 388 734 420 likon'
757 391 791 420 et
812 388 904 430 alios,
929 390 984 432 qui
1006 390 1040 422 in
1062 391 1164 432 prima
1190 389 1311 432 pagiua
1334 389 1480 422 eiusdem
1503 392 1578 422 sunt
1599 389 1727 433 signati.
1771 390 1903 424 Helena
1925 391 1991 424 m¹¹¹

633 440 674 472 de
698 439 857 473 Gotwico.
902 441 964 474 Ob.
981 442 1012 474 d.
1030 442 1174 474 Thomas
1197 441 1283 484 pleb.
1300 442 1411 474 Alath.

317 500 362 528 29.
440 499 486 527 IV.
501 500 556 527 kal.
581 496 747 530 Ulrious
769 508 812 530 m.
828 508 859 530 n.
876 508 903 530 e.
948 497 1130 531 Perohta
1151 498 1184 530 l·
1214 501 1247 530 et
1275 498 1313 530 fr.
1331 497 1520 530 Cristannus
1543 497 1614 541 pbr.
1638 501 1671 531 et
1692 509 1735 532 m.
1759 499 1801 532 de
1823 499 1856 533 S.
1874 499 1988 533 Oruoe.

633 549 719 592 Mag.
735 549 867 582 Muentz
890 560 932 582 m.
950 554 984 582 et
1005 550 1076 592 pbr.
1094 549 1136 582 de
1160 549 1192 582 S.
1209 549 1324 583 Cruce.
1370 549 1532 594 Georgius
1554 561 1598 583 m.

318 608 362 637 30.
437 609 486 636 111.
499 608 556 636 kal.
580 605 688 637 Wolf
691 616 815 649 gerus
837 606 857 638 1.
902 606 955 638 Fr.
973 605 1146 639 oswaldus
1161 617 1209 638 ov.
1226 607 1260 639 in
1274 606 1472 649 Newburga.
1518 606 1688 640 Dorothea
1706 613 1760 640 ov·
1774 607 1868 641 mon¹¹
1884 607 1989 641 „mum

633 658 665 689 in
688 657 876 700 Nowburga
899 657 1072 690 claustrali
1096 662 1130 690 et
1152 658 1190 691 fr.
1207 659 1337 691 Marcus
1359 669 1407 691 cv.
1424 658 1467 691 ad
1489 658 1606 691 Scotos
1619 659 1781 702 Wyenne.

317 717 362 745 31.
453 717 486 744 11.
500 718 556 745 kal.
580 713 633 746 Fr.
655 714 845 747 Walthasar
875 713 968 756 dyao.
992 714 1075 757 prof.
1099 716 1132 747 in
1162 715 1358 757 Tegernsee.
1411 715 1465 748 Fr.
1485 715 1705 759 wolfgangus
1733 716 1804 760 pbr.
1829 719 1862 749 et
1891 726 1934 749 m.
1958 717 1991 748 in

633 766 664 799 S.
682 766 795 799 Cruce.
841 766 895 800 Fr.
911 766 1056 799 Thomas
1078 777 1121 799 m.
1139 767 1180 799 de
1203 767 1333 800 Melieo.
1378 772 1525 807 Seyfridus
1548 773 1581 801 fr.
1597 782 1625 801 ιι.
1641 782 1666 802 e.
