2150 3178
295 192 464 220 ANNALES
483 191 636 220 NECROL.
650 190 828 218 FRATRUM
846 190 1023 218 MINORUM
1041 190 1091 218 AD
1110 191 1135 218 S.
1150 191 1403 218 HIERONYMUM
1422 190 1623 219 VINDOBON.
1727 194 1789 224 279

137 281 215 308 vicus
238 280 271 307 de
289 279 402 313 Septem
421 278 527 306 Castris
549 278 625 310 cler„
649 277 682 305 fr.
699 277 812 304 Maurus
837 277 871 304 de
889 276 1015 304 Schlesia
1038 277 1114 309 olen,
1138 278 1170 303 fr.
1185 276 1321 304 Nicolaus
1343 278 1434 304 sartor
1452 277 1481 309 1.,
1508 278 1540 304 fr.
1554 277 1737 312 Hieronymus
1755 278 1789 305 de

136 322 303 353 Franconia,
328 321 434 348 ibidem
451 321 654 356 guar(dian)ns,
679 320 710 348 fr.
724 320 872 347 Udalricus
895 320 929 346 de
948 320 1098 354 Neuberga
1119 328 1183 352 sac„
1205 320 1335 354 scriptor,
1363 320 1394 347 fr.
1408 320 1541 347 Nicolaus
1564 321 1598 347 de
1619 321 1714 348 Rheno
1733 329 1789 348 sac.

135 376 153 395 a
165 365 383 402 Fulgemtatt⁵)‚
401 365 434 391 fr.
448 364 586 391 Patricius
604 364 638 391 de
658 363 826 398 Egenburga
844 363 917 394 cler„
937 363 969 389 fr.
982 362 1075 389 Simon
1094 363 1128 390 de
1144 362 1257 389 Austria
1275 363 1302 394 1.,
1322 363 1538 395 barbitonsator,
1557 364 1589 390 fr.
1602 364 1790 391 Theowaldus

135 409 251 445 pellifex
269 409 300 440 1.,
325 409 357 435 fr.
371 408 488 435 Ioannes
506 407 540 434 de
560 406 681 434 Bavaria
699 407 776 438 cler.,
798 405 991 440 fr.1uniperus
1010 405 1086 438 cler.,
1109 405 1141 433 fr.
1155 405 1348 440 Archangelus
1367 406 1400 433 de
1419 407 1539 440 Gorlitz,
1567 407 1631 435 cler.
1650 416 1736 441 purus
1760 408 1789 434 et

102 461 115 480 z
134 453 251 481 devotus
275 452 333 486 eth)
352 450 454 478 tertius
471 450 501 476 in
520 450 629 482 ordine,
654 450 686 476 fr.
698 449 817 485 Egidius
835 449 869 476 de
888 449 1032 476 Francona
1051 449 1068 475 l.
1088 457 1170 476 senex
1189 449 1223 476 de
1241 449 1327 476 tertia
1345 449 1443 484 regula
1461 449 1551 481 venit,
1576 449 1608 476 fr.
1623 449 1736 477 Gabriel
1754 450 1789 477 de

135 496 275 531 Ingolstat
293 495 370 526 cler.,
394 494 425 520 fr.
439 493 529 520 Lucas
546 493 581 520 de
599 494 742 520 Amstettn
760 492 838 526 clera,
862 492 895 519 fr.
908 491 1025 526 Egidius
1042 491 1076 518 de
1095 491 1197 519 Suevia
1214 491 1233 518 l.
1246 493 1348 524 sartor,
1371 493 1403 518 fr.
1417 492 1559 519 Fabianus
1577 493 1611 520 de
1631 493 1752 520 Bavaria
1770 493 1789 520 1.

135 541 232 572 sartor,
250 539 283 566 ἦ.
296 538 405 565 Marcus
424 537 458 564 de
471 537 601 568 Perewtt,
621 536 712 563 dulcis
730 535 951 563 conversationis
970 534 1130 570 predicator
1142 537 1171 562 et
1183 535 1312 570 pluribus
1325 535 1394 562 locis
1406 536 1606 570 guardfianlus,
1625 536 1658 562 fr.
1673 536 1789 563 lacobus

116 583 120 585 ’
135 583 169 610 de
182 582 332 616 Moedling,
351 589 406 608 sac.
419 582 449 607 et
466 589 492 614 p.
508 579 686 612 venerabilis,
704 588 787 614 saepe
800 579 972 614 guardianus
984 587 1035 613 per
1046 578 1129 613 plura
1141 578 1211 610 loca,
1230 578 1262 605 fr.
1276 578 1376 605 Petrus
1389 578 1422 605 de
1436 578 1587 606 Mistlbach
1601 588 1656 606 sac.
1670 579 1788 611 activus,

134 634 200 663 sepe
208 627 230 659 ο)
248 623 454 660 guar(dian)us,
478 623 510 650 fr.
527 622 644 650 Iacobus
666 622 701 649 de
719 621 876 655 Tachovia,
902 630 958 649 sac.
977 621 1126 657 gloriosus,
1153 621 1304 655 aliquando
1322 630 1396 656 mag.
1409 622 1546 654 novimum,
1571 623 1604 649 fr.
1618 622 1736 649 Ioannes
1755 622 1788 648 de

91 677 117 697 ιο
135 668 282 701 Carnovia,
299 676 355 694 sac.
368 667 500 698 maturus,
518 674 585 700 sepe
603 665 796 699 guard(ian)us
814 665 843 691 in
862 664 990 699 pluribus
1009 666 1148 699 expertus,
1167 664 1199 691 fr.
1213 664 1319 699 Caspar
1336 664 1369 691 de
1383 662 1535 692 Franeonia
1547 673 1612 697 sac.,
1631 664 1674 691 vir
1687 665 1789 691 colum-

133 711 198 747 bine
216 709 418 745 simplicitatis,
436 709 468 736 fr.
482 708 617 742 Georgius
636 708 671 735 de
689 708 806 735 Krembs
825 708 843 734 1.
858 707 938 735 utilis
956 707 985 734 in
1005 708 1110 735 eodem.
1146 708 1271 735 Summa:
1289 708 1331 735 30.

237 755 268 781 In
286 754 347 780 loco
365 751 504 780 Paradisi:
528 752 561 778 fr.
574 751 699 779 Andreas
722 751 755 778 de
774 751 852 783 Retz,
871 750 976 777 nobilis
994 760 1021 785 p.
1041 752 1070 778 et
1088 751 1116 777 in
1136 750 1281 785 provincia
1299 751 1449 786 precipuus
1467 751 1630 785 eutrupalos
1648 751 1684 778 ad
1703 752 1790 778 bonos

132 807 231 831 mores,
255 796 407 831 aliquando
426 794 630 822 commissarius
647 794 747 822 Vienu.
766 796 796 822 et
817 794 887 821 alibi
905 794 1099 828 guard(ian)us
1118 794 1147 821 in
1166 794 1228 821 loco
1247 794 1387 827 Paradisi,
1412 796 1445 822 fr.
1458 794 1600 821 Marianus
1619 795 1652 821 de
1670 794 1789 825 Dorffeu,

133 841 292 876 predicator
309 839 414 867 habilis
432 840 460 866 et
478 839 550 873 bone
568 837 773 872 dispositionis,
792 838 824 864 fr.
838 837 975 864 Matthias
994 837 1028 864 de
1041 837 1167 864 Somaria
1180 847 1244 870 sac„
1262 839 1294 865 fr.
1309 837 1502 873 Sigismundus
1515 838 1549 865 de
1561 837 1717 864 Iarendorff
1725 847 1789 869 sac„

90 893 113 912 15
131 884 180 919 qui
203 884 290 912 etiam
313 883 368 910 fuit
392 881 483 909 socius
505 881 562 908 revi
583 881 623 915 pl*
642 880 838 915 christophori
855 880 1026 908 Varisiensis
1051 880 1087 907 ad
1106 881 1218 907 Terram
1239 881 1371 908 Sanctam
1395 883 1423 908 et
1441 880 1635 916 guard(ian)us
1654 880 1686 908 Se
1699 881 1789 908 Rade-

133 927 242 963 gundis,
261 927 325 954 dum
344 925 527 958 edificaretur,
546 926 578 952 st.
594 924 781 952 Theowaldus
801 925 835 951 de
854 923 1010 951 Franconia
1028 924 1045 951 l.
1065 925 1093 951 in
1113 924 1209 952 eodem
1227 925 1297 952 loeo.
1334 925 1459 951 Summa:
1478 925 1502 951 5.

237 970 268 996 In
287 969 348 996 loco
366 967 585 1000 Entzerstorffo:
614 967 646 994 fr.
660 967 814 995 Germanus
833 967 867 994 de
886 968 966 994 Novo
984 967 1062 998 Foro.
1087 976 1141 994 sae.
1155 967 1350 994 devotissimus
1368 967 1398 994 in
1417 968 1478 994 loeo
1496 967 1594 1002 primo,
1616 967 1742 1002 sepultus
1761 966 1789 993 in

133 1014 195 1040 loco
213 1011 398 1045 Entzerstorff,
422 1011 456 1038 fr.
470 1010 636 1046 Peregrinus
655 1010 688 1037 de
707 1010 861 1045 Herbipoli,
887 1019 941 1038 sac.
957 1010 1082 1043 devotus,
1108 1013 1291 1046 cognomento
1309 1010 1425 1042 Debilis,
1449 1011 1481 1037 fr.
1494 1011 1620 1038 Donatus
1639 1011 1673 1038 de
1692 1010 1790 1037 Orudis

133 1056 301 1091 predicator,
320 1055 474 1090 episcopus,
492 1055 526 1082 fr.
541 1054 624 1080 Vitus
642 1054 677 1081 de
696 1053 876 1080 Landshueta
894 1062 958 1086 sac„
976 1054 1009 1080 fr.
1022 1054 1161 1080 Antonius
1180 1054 1214 1081 de
1232 1054 1353 1081 Bavaria
1371 1054 1390 1081 1.
1409 1055 1506 1081 sartor.
1541 1053 1667 1081 Summa:
1685 1054 1709 1080 5.

89 1107 115 1126 πο
236 1099 268 1126 In
291 1099 352 1126 loco
371 1104 397 1125 s¹³
415 1098 597 1132 Radegundis
606 1098 640 1130 ²):
666 1097 698 1124 fr.
713 1097 830 1124 Ioannes
848 1097 882 1123 de
902 1097 1119 1132 Walperspach‚
1138 1097 1163 1124 .].
1181 1096 1311 1131 perutilis
1330 1099 1359 1124 et
1377 1099 1541 1132 procurator
1558 1097 1663 1125 ibidem
1681 1097 1710 1124 in
1728 1097 1790 1124 loco

133 1149 160 1170 ΒΘ
178 1141 370 1177 Radegundis,
394 1142 428 1169 fr.
449 1141 574 1167 Ruffinus
598 1141 632 1167 de
650 1139 834 1174 Nuernberga
852 1140 883 1171 l..
908 1140 1032 1167 fervidus
1054 1140 1091 1167 ad
1109 1149 1254 1167 commune
1272 1140 1375 1167 bonum
1393 1140 1570 1172 hortulanus,
1595 1141 1628 1167 fr.
1642 1140 1790 1167 Udalricus

135 1186 259 1214 carnifex
278 1186 307 1217 1.,
331 1184 422 1212 fidelis
440 1184 469 1211 in
488 1183 642 1211 commissis
661 1183 767 1210 ibidem
786 1185 960 1218 procurator,
983 1184 1016 1210 fr.
1030 1183 1227 1216 Franc(isc)us,
1251 1183 1315 1210 cler.
1329 1183 1405 1210 bene·
1418 1183 1526 1215 doctus,
1545 1184 1578 1210 fr.
1594 1183 1737 1210 Florianus
1756 1184 1790 1211 de

135 1229 248 1256 Austria
261 1229 334 1260 cler.,
352 1229 385 1255 fr.
395 1227 497 1262 Ioseph
513 1227 546 1254 de
560 1227 738 1261 ludenburga
751 1226 768 1253 l.
782 1226 882 1258 civilis,
901 1226 1021 1261 prudens
1034 1228 1063 1253 et
1074 1226 1172 1258 bonus,
1190 1227 1222 1252 fr.
1237 1226 1352 1253 Ioannes
1365 1226 1399 1253 de
1413 1227 1526 1253 Austris.
1539 1227 1613 1258 cler..
1629 1227 1662 1254 fr.
1672 1227 1790 1253 Ioannes

136 1273 169 1300 de
189 1272 303 1299 Rastatt
320 1271 352 1303 1.,
377 1271 409 1298 fr.
422 1270 618 1305 Wolffgangus
642 1270 675 1297 de
694 1269 868 1305 Hertzeburg
886 1278 953 1302 sac,
979 1269 1012 1295 fr.
1026 1269 1150 1304 Angelus
1168 1269 1202 1296 de
1221 1269 1320 1303 Orliug
1338 1269 1443 1297 ibidem
1461 1271 1491 1297 et
1509 1270 1579 1296 alibi
1597 1270 1789 1305 guard(ian)us

91 1321 116 1341 25
135 1317 273 1351 aptusque
292 1315 328 1342 ad
347 1315 450 1341 multos
468 1314 555 1340 bonos
573 1313 683 1340 labores
702 1314 731 1340 et
750 1312 923 1340 voluntarius
942 1313 978 1339 ad
997 1312 1180 1340 laborandum
1198 1321 1248 1346 pro
1267 1312 1406 1339 communi
1424 1313 1504 1345 bono,
1523 1314 1555 1340 fr.
1569 1313 1658 1340 Lucas
1676 1313 1709 1340 de
1722 1313 1789 1344 Ybs,

133 1359 165 1386 fr.
179 1358 328 1386 Ioanninus
346 1357 380 1384 de
398 1357 514 1384 Lusatia
531 1365 595 1389 sac„
620 1356 653 1383 fr.
669 1355 837 1383 Laurentius
855 1355 889 1383 de
909 1356 1002 1383 Paden
1020 1364 1074 1383 sac.
1088 1355 1247 1387 saecularis,
1266 1358 1330 1390 post
1348 1356 1494 1383 admodum
1515 1356 1632 1383 devotus
1650 1358 1679 1383 et
1697 1356 1791 1383 alacer

134 1402 179 1429 dei
202 1410 309 1432 servus,
333 1401 365 1427 fr.
379 1399 516 1435 Rogerius
540 1399 574 1427 de
593 1399 708 1426 Austria
725 1399 758 1431 1.,
783 1399 816 1426 fr.
831 1399 937 1433 Caspar
955 1399 989 1426 de
1007 1399 1121 1433 Eystatt
1139 1399 1204 1426 cler.
1222 1399 1340 1430 zelosus,
1364 1399 1396 1425 fr.
1412 1398 1561 1434 Gregorius
1579 1399 1613 1426 de
1633 1398 1752 1433 Cepusio
1771 1399 1788 1426 l.

133 1447 230 1477 sartor,
248 1445 281 1471 fr.
294 1443 443 1470 Wilelmus
461 1443 495 1469 de
514 1442 608 1476 Styria
627 1442 647 1469 l.
685 1441 810 1469 Summa:
831 1443 871 1469 17.

236 1487 270 1514 In
287 1487 349 1514 loco
362 1486 389 1513 Si
401 1485 551 1521 Hyppoliti
559 1487 590 1520 ¹):
610 1486 644 1512 fr.
658 1485 763 1512 Paulus
782 1485 816 1513 de
828 1485 936 1513 Gubem
955 1494 1019 1518 sac„
1038 1485 1082 1512 vir
1099 1486 1196 1519 bonus,
1217 1486 1383 1520 quaudoque
1395 1486 1574 1521 guardianus,
1592 1487 1624 1513 fr.
1638 1486 1742 1513 Paulus
1755 1486 1790 1513 de

90 1537 117 1557 ao
135 1532 227 1559 Anaso
239 1531 266 1563 1.,
279 1530 311 1557 fr.
322 1530 467 1557 Anselmus
479 1538 543 1560 sac„
556 1528 682 1564 scriptor,
696 1537 713 1556 a
727 1529 944 1563 Fulgenstattd)‚
965 1530 998 1556 fr.
1008 1529 1130 1557 Michael
1144 1530 1177 1557 de
1191 1530 1313 1563 Oroatia,
1326 1539 1381 1557 sac.
1396 1530 1520 1563 devotus,
1533 1530 1654 1565 scriptor
1666 1530 1791 1564 optimus

134 1574 308 1608 aliarumque
327 1573 438 1605 artium,
457 1572 589 1607 scil(icet)
608 1571 752 1607 pingendi,
771 1572 871 1599 ferrum
892 1574 921 1599 et
938 1573 1017 1607 ligna
1036 1573 1158 1606 dolandi,
1177 1573 1285 1608 peritus
1298 1575 1327 1601 et
1340 1573 1574 1600 adlaborandum
1586 1582 1637 1608 pro
1650 1573 1789 1600 communi

133 1618 205 1645 bono
223 1616 456 1652 promptissimus,
481 1616 514 1642 fr.
531 1615 658 1642 Ruffinus
676 1615 769 1650 Hawg
786 1615 820 1641 de
839 1615 933 1642 Paden
951 1616 978 1648 1.,
1004 1624 1086 1643 cocus
1104 1616 1200 1648 bonus,
1225 1616 1274 1650 qui
1292 1616 1385 1644 fuerat
1403 1616 1470 1643 olim
1488 1615 1593 1643 ibidem
1612 1617 1648 1643 ad
1665 1617 1790 1644 thermas

133 1662 234 1696 hospes
250 1659 378 1696 plurimis
398 1660 504 1694 gratus,
529 1659 573 1686 ob.
587 1659 663 1690 1476,
688 1658 721 1686 fr.
734 1657 872 1685 Martinus
891 1658 925 1686 de
943 1658 1068 1686 Schlesia
1086 1667 1140 1686 sac.
1159 1659 1203 1686 ob.
1222 1659 1251 1686 in
1269 1659 1389 1687 termino
1408 1659 1472 1692 loci,
1490 1659 1621 1693 scil<icet)
1640 1659 1707 1692 Ybs,
1727 1669 1790 1686 cum

133 1704 236 1732 rediret
253 1704 288 1731 de
306 1702 438 1738 partibus
456 1701 514 1730 suis
531 1701 636 1729 ibidem
655 1701 819 1728 infirmatus.
855 1701 979 1728 Summa:
998 1701 1022 1728 6.

91 1753 117 1773 ³5
238 1747 269 1773 ln
294 1747 355 1773 loco
378 1745 639 1780 ludenburgensi⁴):
666 1745 699 1771 fr.
715 1744 847 1772 Albertus
872 1745 906 1772 de
929 1744 1053 1779 Ungaria
1076 1745 1140 1772 cler.
1159 1745 1188 1771 in
1210 1745 1271 1772 loco
1295 1745 1527 1780 Iudenburgensi,
1553 1745 1586 1772 fr.
1604 1745 1790 1772 Bernardinus

134 1790 293 1825 cingulator
311 1790 338 1822 1.,
361 1789 393 1816 tr.
407 1788 513 1823 Caspar
531 1788 603 1820 cler,
627 1788 659 1814 fr.
672 1787 860 1822 Franc(isc)us
877 1788 911 1816 de
932 1788 1086 1815 Brabantia
1104 1788 1177 1820 cler„
1203 1789 1236 1815 fr.
1249 1787 1398 1815 Udalricus
1417 1789 1452 1815 de
1470 1788 1640 1816 Waidhofen
1659 1788 1732 1821 cler„
1756 1788 1790 1816 fr.

134 1833 239 1860 Vitalis
257 1833 290 1860 de
308 1832 455 1859 Rustbach
474 1840 529 1858 sac.
566 1831 690 1858 Summa:
709 1831 733 1858 6.

239 1876 270 1902 In
288 1876 350 1902 loco
369 1874 635 1908 Lankowitzensi⁵):
653 1874 687 1901 fr.
699 1873 885 1908 Franc(isc)us
904 1874 937 1901 de
955 1874 1115 1909 Ingelstatt,
1134 1883 1188 1901 sac.
1208 1875 1238 1902 et
1256 1874 1422 1908 predicator,
1441 1875 1473 1901 fr.
1487 1874 1609 1902 Michael
1628 1874 1662 1902 de
1677 1874 1790 1909 Septem

138 1919 252 1951 Castris,
271 1918 430 1954 predicator
447 1918 553 1949 doctus,
572 1917 621 1951 qui
639 1919 756 1944 mortem
774 1926 852 1945 suam
865 1917 995 1952 predixit,
1013 1918 1046 1945 fr.
1059 1917 1189 1944 Kilianus
1202 1917 1236 1944 de
1249 1917 1350 1944 Libera
1363 1917 1494 1949 civitate,
1514 1917 1674 1951 predicator
1685 1917 1790 1952 specia-

91 1969 118 1988 40
136 1962 203 1990 liter
220 1962 392 1997 ingeniosus,
415 1961 448 1988 fr.
461 1960 543 1988 Vitus
566 1960 600 1987 de
619 1961 733 1987 Rastatt
756 1969 824 1992 sac.‚
848 1960 1033 1987 saecularium
1051 1961 1211 1995 predicator
1229 1960 1368 1987 sufficiens
1387 1961 1416 1987 et
1434 1960 1663 1993 conscientiosus,
1688 1961 1721 1988 fr.
1734 1961 1789 1988 Leo

135 2006 169 2033 de
187 2005 341 2040 Straubing
358 2013 427 2037 sac„
450 2004 482 2031 fr.
495 2003 612 2031 Iacobus
635 2003 669 2031 de
688 2003 830 2038 Hartperg
847 2004 866 2031 1.
885 2003 928 2030 ob.
947 2003 977 2030 in
995 2004 1124 2031 terminis
1142 2003 1171 2030 in
1190 2003 1326 2037 Leybnitz
1344 2005 1469 2038 tempore
1486 2003 1582 2038 pestis.
1617 2003 1741 2030 Summa:
1766 2004 1789 2031 6.

238 2049 270 2075 In
295 2047 356 2075 loco
378 2046 552 2082 Grecensi'):
577 2047 609 2074 fr.
627 2047 726 2074 Petrus
749 2047 783 2074 de
802 2046 971 2078 Kremnitia,
998 2047 1042 2073 vir
1065 2047 1154 2074 bonus
1177 2049 1207 2073 et
1229 2047 1348 2073 multum
1372 2046 1512 2080 placidus,
1539 2046 1644 2073 ibidem
1668 2048 1697 2074 et
1720 2046 1789 2074 alibi

134 2091 326 2126 guasd(ian)us
350 2090 379 2117 in
398 2090 459 2117 loco
479 2089 640 2121 Graecensi,
667 2090 701 2116 fr.
715 2089 864 2124 Philippus
887 2089 921 2116 de
939 2089 1088 2124 Inspruck,
1113 2098 1168 2117 sac.
1187 2091 1217 2117 et
1238 2090 1358 2124 scriptor
1379 2089 1503 2116 formalis
1526 2091 1555 2116 et
1578 2090 1675 2116 cantor
1692 2090 1789 2123 bonus,

134 2135 167 2161 fr.
181 2134 329 2162 Federicus
348 2134 381 2161 de
401 2133 502 2165 Salice,
531 2133 690 2167 predicator
708 2132 830 2168 diligens
848 2134 877 2160 et
895 2132 1041 2165 iucundus,
1066 2133 1099 2160 fr.
1111 2132 1296 2160 Bernardinus
1314 2133 1348 2160 de
1367 2132 1500 2160 Castouia
1518 2141 1582 2164 sac„
1606 2133 1638 2159 fr.
1651 2133 1790 2160 Martinus

91 2182 118 2201 4⁵
138 2178 172 2205 de
191 2177 322 2208 Schlesia,
341 2177 374 2203 fr.
387 2176 558 2210 Mockstuse)
577 2176 611 2203 de
629 2175 759 2208 Patavia,
778 2176 842 2203 cler.
855 2176 989 2210 precipue
1008 2176 1133 2209 devotus,
1150 2176 1183 2202 fr.
1194 2175 1360 2203 Vincentius
1378 2176 1412 2203 de
1429 2175 1564 2203 Czwettel
1582 2176 1608 2208 1.,
1627 2184 1709 2203 cocus
1727 2175 1790 2203 sim-

137 2220 286 2256 plicianus,
305 2219 337 2247 fr.
348 2218 546 2254 Wolffgangus
559 2218 726 2246 Groetscher
743 2218 770 2251 L,
789 2218 892 2246 nobilis
910 2218 1050 2253 quondam
1068 2218 1097 2245 in
1115 2218 1200 2245 armis
1219 2218 1394 2251 exercitatus,
1413 2218 1445 2245 fr.
1459 2218 1564 2245 Paulus
1576 2219 1611 2246 de
1624 2219 1751 2253 Augusta
1764 2219 1790 2250 1.,

135 2263 202 2290 olim
216 2263 369 2290 calefactor
383 2261 570 2297 imperatoris,
589 2262 621 2289 fr.
635 2262 751 2290 Ioannes
770 2262 804 2289 de
815 2262 1000 2298 Wasserburg
1019 2271 1082 2295 sac„
1102 2264 1199 2289 cantor
1216 2262 1304 2289 bonus
1322 2263 1352 2289 et
1369 2261 1399 2288 in
1419 2262 1502 2289 choro
1521 2262 1658 2289 sollicitus
1676 2271 1709 2290 ex
1728 2271 1789 2289 con-

135 2307 230 2338 ventu,
250 2306 283 2333 fr.
297 2305 456 2333 Leonardus
474 2305 508 2332 de
522 2304 639 2336 Vienna,
659 2305 724 2332 cler.
738 2305 871 2339 antiquus
890 2307 1073 2340 cognomento
1092 2305 1186 2338 Teufl,
1204 2305 1236 2332 fr.
1249 2305 1367 2332 Ioannes
1385 2305 1419 2332 de
1439 2305 1551 2340 Septem
1566 2305 1678 2338 Castris,
1697 2306 1716 2333 1.
1729 2315 1790 2340 pro-

135 2351 255 2382 curator,
274 2349 307 2376 fr.
322 2348 518 2384 Wolffgangus
537 2348 570 2376 de
590 2347 857 2383 Gumplskuerchen‚
877 2350 986 2376 amator
1002 2348 1190 2384 paupertatis.
1226 2348 1349 2376 Summa:
1370 2349 1410 2375 13.

91 2397 117 2416 50
238 2393 270 2419 Iu
287 2392 349 2419 loco
368 2391 568 2426 Lewbsensi⁷):
593 2391 626 2419 fr.
639 2391 806 2419 Valentinus
824 2401 892 2425 sac„
916 2391 1036 2427 scriptor
1053 2392 1154 2425 bonus,
1179 2392 1212 2419 fr.
1225 2392 1363 2419 Antonius
1382 2392 1415 2418 de
1434 2392 1533 2426 Mysna
1551 2392 1569 2419 l.
1587 2392 1789 2426 carpentarius,

135 2435 168 2464 fr.
183 2436 336 2463 Hermanus
355 2436 388 2462 de
408 2435 526 2470 Lypctz,
552 2435 616 2462 cler.
629 2435 740 2468 doctus,
764 2435 796 2462 fr.
808 2435 956 2462 Florianus
975 2435 1047 2467 cler„
1073 2435 1105 2463 fr.
1119 2435 1260 2462 Fabianus
1279 2435 1312 2462 de
1331 2435 1449 2462 Polonia
1467 2435 1539 2467 cler„
1564 2435 1597 2461 fr.
1610 2435 1790 2462 Sebastianus

135 2479 170 2506 de
188 2478 305 2506 Polonia
323 2478 396 2511 cler„
421 2478 454 2505 fr.
467 2478 604 2505 Matthias
622 2478 656 2505 de
676 2478 783 2505 Corona
801 2479 819 2506 1.
834 2481 932 2511 sartor,
956 2478 989 2506 fr.
1001 2478 1140 2513 Sylvanus
1158 2478 1272 2506 Schratt
1290 2478 1324 2505 de
1343 2478 1421 2505 Lews
1440 2478 1512 2510 cler..
1531 2478 1563 2505 fr.
1577 2478 1790 2517 Bartholomeus

239 2579 265 2611 ⁸)
284 2576 370 2612 Fulgt
387 2579 443 2605 cod.
529 2578 553 2612 b)
572 2580 599 2604 in
617 2583 642 2605 et
659 2580 715 2605 cod.
801 2580 823 2612 0)
842 2586 871 2614 st}
889 2580 944 2605 cod.
1027 2578 1052 2611 cl)
1070 2579 1148 2612 Fuig.
1168 2580 1223 2605 cod.
1305 2578 1328 2611 θ)
1349 2579 1409 2605 0οᾶ.
1446 2579 1552 2604 Forsan
1570 2580 1629 2611 lest:
1647 2580 1788 2605 Modestus.

241 2651 261 2684 ¹)
283 2650 440 2677 claustrum
453 2650 682 2685 Enzersdorfensc
693 2659 714 2678 s.
725 2651 834 2678 Mariae
847 2651 1024 2686 Maqdale‘nae
1036 2651 1187 2678 dedicatum
1205 2654 1270 2678 erat.
1357 2652 1378 2685 ²)
1397 2651 1435 2677 In
1448 2651 1629 2684 Katzelsdorf.
1713 2652 1734 2686 ⁸)
1753 2652 1789 2678 In
1799 2671 1809 2685 x

94 2702 121 2722 ab
140 2693 260 2720 coenobio
285 2702 319 2721 ss.
341 2694 535 2720 Maximiliarw
560 2697 585 2721 et
611 2694 799 2721 Ber‘rdtardino
824 2694 953 2721 dedicato.
1069 2695 1089 2728 ⁴)
1113 2694 1148 2720 In
1176 2694 1297 2720 coenobio
1321 2702 1341 2720 s.
1363 2693 1482 2719 Iohanni
1507 2694 1638 2728 baptistae
1661 2694 1788 2722 dedicato.

137 2737 158 2769 ι)
179 2735 336 2763 claustrum
356 2737 404 2763 hoc
421 2745 441 2764 s.
457 2737 564 2763 Mariae
585 2737 616 2763 de
635 2737 742 2764 Gratiis
761 2737 914 2764 dedicatum
933 2740 998 2764 erat.
1106 2738 1126 2770 ο)
1149 2736 1306 2763 Coenobinm
1323 2736 1372 2763 hoc
1389 2739 1466 2762 extra
1482 2744 1574 2763 muros
1591 2736 1708 2763 civitatis
1726 2745 1788 2763 con-

135 2781 265 2806 structum
286 2787 307 2807 ε.
324 2779 466 2806 Leonardo
490 2779 643 2807 dedicatum
666 2783 730 2807 erat.
846 2780 867 2815 ¹¹)
893 2780 1051 2807 Coenobium
1076 2780 1107 2806 in
1136 2779 1302 2813 Langenlois
1322 2787 1343 2806 8.
1361 2779 1555 2806 Bernhardino
1578 2779 1689 2806 Senensi
1719 2779 1790 2807 dedi-

133 2824 222 2848 catum
238 2825 303 2850 erat.
