2150 3178
330 186 392 218 308
445 183 555 211 LIBER
574 182 822 210 OBLATIONUM
840 182 887 210 ΕΤ
905 181 1153 210 ANNIVERSAR.
1166 181 1395 210 MONASTERH
1411 181 1563 211 SOOTOR.
1575 182 1880 212 VINDOBONENSIS.

431 271 517 303 Item
544 273 697 303 secuntur
725 270 827 302 ceteri
849 270 905 302 fr⁶⁸
927 272 1002 312 post
1025 280 1083 302 eos
1110 269 1268 302 defuncti:
1300 269 1473 302 Ladislaus
1495 271 1584 312 prior
1606 269 1647 303 de
1670 269 1815 314 Ungaria
1838 270 1996 314 Scolhi·),

328 323 366 356 fr.
384 323 546 366 Georgius
574 322 616 354 de
645 322 750 355 Slesia
779 332 859 364 sac.,
892 322 930 354 fr.
947 321 1088 354 Iodocus
1118 321 1210 364 dyac.
1235 321 1275 353 de
1304 320 1446 363 swevis,
1477 321 1515 354 fr.
1532 321 1692 355 Patricius
1720 333 1784 356 sac.
1807 322 1849 355 de
1872 322 1998 364 Sousia,

328 375 366 408 fr.
382 374 566 417 Haynricus
589 384 654 407 sac.
671 374 712 406 de
735 373 902 415 Bawaria,
930 373 967 406 fr.
984 373 1177 406 Herhardus
1200 383 1248 405 cv.
1265 372 1307 406 de
1330 374 1478 416 Austria,
1509 373 1546 406 fr.
1564 373 1716 407 Clemens
1737 384 1802 407 sac.
1818 374 1860 408 de
1884 374 1998 418 Slesia,

328 428 367 460 fr.
383 426 575 460 Leonardus
597 436 662 459 sac.
680 425 721 458 de
744 426 908 467 Bawaria‚
939 425 977 458 fr.
994 426 1152 458 Martinus
1175 436 1239 458 sac.
1258 425 1298 458 de
1321 425 1450 468 Mysna,
1480 425 1532 458 ob.
1552 426 1590 458 fr.
1610 426 1773 459 Iohannes
1795 426 1838 460 de
1860 427 1998 460 Lewcza

328 480 369 512 de
393 478 539 522 Ungaria
561 489 638 520 sac„
661 478 699 510 fr.
716 478 858 510 Michael
881 488 946 510 sac.
963 478 1004 510 de
1029 477 1170 519 Austris,
1194 477 1232 510 fr.
1250 477 1413 520 Georgius
1435 487 1483 510 cv.
1499 479 1623 520 primus
1646 477 1687 511 de
1707 477 1865 520 Moravia,
1887 479 1926 511 fr.
1942 479 1996 511 Io-
2027 491 2040 511 ε

328 532 452 564 hannes
477 531 518 563 de
542 530 724 573 Ratispona
747 530 788 563 de
811 531 972 572 Bawaria,
996 529 1034 562 fr.
1053 530 1131 563 Otto
1155 539 1220 562 sac.
1237 529 1279 562 de
1302 529 1462 562 Bawaria.

431 584 473 616 A.
490 583 521 615 d.
542 585 623 615 1466
647 582 802 625 descripti
824 585 899 615 sunt
922 582 1060 624 predicti
1084 582 1230 614 defuncti
1252 582 1307 614 fr⁰⁵
1329 584 1465 614 vacante
1488 581 1625 615 abbacia
1648 578 1819 615 Scotorum
1835 583 1997 626 Wyenne,

328 636 387 668 sed
413 635 475 668 deo
505 634 603 667 dante
631 645 715 667 nunc
744 635 868 667 electus
891 634 965 666 abb.
983 634 1147 667 Iohannes
1170 634 1211 666 de
1234 634 1402 666 Lambaco
1426 634 1590 667 consensit
1610 635 1643 667 in
1667 634 1880 677 eleccionem,
1910 645 1997 678 mag.

328 689 361 720 in
384 687 569 730 theologia:
601 686 639 718 fr.
657 686 820 718 Iohannes
844 686 1040 718 sacristanus
1068 685 1109 718 de
1134 684 1261 718 Swevia
1288 689 1322 718 et
1349 685 1389 718 de
1412 685 1617 728 Byblingyn‚.
1641 685 1825 729 Stephanus
1847 686 1935 729 prior
1957 686 1998 719 de

327 740 461 772 Austria
489 749 553 771 sac.
578 741 612 771 et
634 738 676 771 de
699 738 851 780 Wyenna
874 747 960 780 mag.
981 737 1015 769 in
1037 737 1173 780 artibus,
1206 737 1244 769 fr.
1263 737 1420 770 Silvester
1442 748 1506 770 sac.
1530 737 1571 770 de
1593 738 1740 780 Austris,
1770 738 1809 770 fr.
1825 737 1999 771 Balthasar
2017 748 2043 769 ιο

328 802 393 824 sac.
411 791 453 824 de
477 791 639 831 Bawan‘a,
663 790 700 822 fr.
718 789 862 822 Thomas
885 799 934 822 cv.
951 789 992 821 de
1015 789 1173 830 Moravia,
1197 788 1235 821 fr.
1248 789 1392 822 Thomas
1415 799 1480 822 sac.
1498 789 1539 822 de
1559 789 1704 832 Ungaria
1727 793 1761 822 et
1782 789 2000 833 scholavusb),

328 843 548 876 fr..10hannes
576 842 617 874 de
642 841 747 874 Slesia
770 852 852 883 sac„
882 841 919 874 fr.
936 841 1122 874 Fridericus
1149 851 1212 874 sac.
1238 841 1279 874 de
1303 841 1449 883 Austris,
1480 841 1626 884 sepultus
1648 842 1681 874 in
1703 841 1824 884 Pulka,
1857 841 1894 875 fr.
1913 841 1999 875 Oon-

328 895 426 928 radus
450 905 514 927 sac.
532 894 573 926 de
596 894 756 926 Bawaria.
805 893 925 926 Inclusi
947 896 1057 926 autem
1081 896 1155 925 sunt
1177 894 1245 925 isti:
1276 893 1314 925 fr.
1330 893 1493 926 Iohannes
1515 893 1691 937 lapicida0)
1714 904 1761 926 ov.
1785 893 1826 926 de
1849 893 1999 927 Bavaria.

328 948 381 979 Fr.
399 947 541 979 Iodocus
564 956 629 978 sac.
647 945 688 978 de
712 945 906 987 Franconia,
930 945 967 977 fr.
984 944 1176 988 Placidusd)
1199 945 1240 978 de
1265 944 1370 978 Slesia
1393 956 1451 987 cv„
1476 945 1514 978 fr.
1531 944 1653 988 Symon
1676 945 1717 978 de
1740 946 1872 978 Austris
1894 955 1959 979 sac.

432 998 637 1040 Infrascripti
661 1000 755 1030 extra
778 1008 864 1029 mon.
882 1000 956 1029 sunt
978 997 1113 1039 sepulti:
1138 997 1176 1029 fr.
1192 996 1334 1029 Michael
1352 1007 1399 1029 cv.
1417 997 1457 1030 de
1473 997 1616 1038 Austria,
1639 997 1678 1030 fr·
1690 997 1918 1041 Wolffgangus
1933 1008 1998 1031 sac.
2017 1007 2044 1028 ιι

329 1051 370 1083 de
387 1051 531 1091 Austria,
555 1050 593 1082 fr.
610 1049 797 1082 Bemardus
813 1060 877 1081 sac.
895 1049 936 1081 de
953 1049 1086 1081 Austria
1109 1052 1143 1081 et
1158 1048 1200 1082 de
1211 1049 1373 1092 Wyema,
1396 1049 1433 1082 fr.
1450 1049 1649 1082 Benedictus
1671 1049 1712 1082 de
1728 1050 1878 1092 Bavaria,
1898 1050 2002 1083 factus

329 1103 405 1135 abb.
419 1103 451 1134 in
464 1102 694 1145 Seytensteten
702 1102 729 1144 ⁶)
738 1102 774 1144 ¹)⁷
791 1102 930 1134 fr.Vitus
943 1111 1008 1133 sac.
1022 1100 1063 1133 de
1075 1101 1219 1143 Austria,
1236 1101 1274 1133 fr.
1287 1101 1437 1134 Andreas
1453 1112 1516 1133 sac.
1531 1101 1572 1133 de
1583 1102 1735 1143 Bavaria,
1751 1102 1788 1135 fr.
1801 1102 2002 1145 Augustinus

329 1155 370 1188 de
390 1155 584 1195 Franconia,
609 1154 646 1186 fr.
664 1154 819 1186 Nicolaus
842 1164 901 1195 cv„
925 1153 964 1186 fr.
981 1153 1144 1186 Iohannes
1167 1152 1208 1185 de
1225 1152 1420 1186 constancia
1444 1157 1478 1186 et
1499 1153 1545 1186 ibi
1567 1153 1642 1186 abb.
1662 1153 1766 1186 factus
1789 1157 1822 1187 et
1843 1154 2001 1197 leprosus,

329 1208 366 1240 fr.
382 1207 552 1239 Conradus
576 1206 616 1238 de
634 1205 834 1238 Uxenhusen
858 1216 922 1238 sac.
941 1208 974 1238 et
995 1205 1036 1238 de
1052 1204 1244 1247 Franconia,
1268 1205 1306 1237 fr.
1322 1205 1444 1238 Paulus
1467 1205 1508 1238 de
1524 1205 1670 1248 Ungaria
1691 1209 1724 1239 et
1739 1206 1944 1250 scholavusb)
1967 1209 2002 1240 et

330 1271 394 1293 sac.
412 1263 446 1292 et
469 1259 507 1291 fr.
525 1258 698 1301 Philippus
721 1269 785 1290 sac.
803 1258 844 1291 de
868 1258 1018 1290 Bavaria.
2016 1266 2043 1288 ιο

434 1313 473 1343 A.
492 1311 522 1343 d.
544 1313 625 1343 1467
651 1310 703 1343 ob.
723 1322 754 1353 p.
772 1311 860 1353 prior
875 1310 1016 1343 Basilius
1039 1314 1115 1343 ante
1138 1310 1374 1353 professionem
1389 1313 1523 1343 vocatus
1538 1310 1700 1343 Iohannes
1723 1314 1756 1343 et
1779 1310 1895 1343 eodem
1917 1313 2002 1344 tem-

328 1374 408 1407 pore
432 1365 464 1395 in
489 1363 605 1396 eadem
630 1363 823 1405 pestilencia
846 1363 898 1395 ob.
915 1363 953 1395 fr.
969 1363 1089 1396 Petrus
1111 1373 1183 1396 nov.
1201 1362 1243 1395 de
1265 1362 1359 1395 Novo
1383 1362 1480 1395 dolio.

431 1416 471 1447 A.
489 1415 518 1447 d.
541 1417 622 1448 1468
647 1415 700 1447 ob.
719 1415 749 1447 d.
767 1415 932 1448 Iohannes
955 1414 1029 1447 abb.
1047 1418 1081 1448 et
1100 1425 1187 1458 mag.
1201 1415 1234 1446 in
1249 1414 1416 1457 theologia
1432 1414 1473 1447 de
1488 1414 1666 1454 Lambaco,
1688 1415 1767 1447 item
1784 1413 1822 1447 fr.
1838 1414 2002 1447 Iohannes

328 1468 361 1499 in
378 1467 496 1499 Pulka.
542 1467 627 1500 Item
651 1478 680 1499 a.
698 1467 727 1499 d.
746 1470 894 1509 tempore
914 1467 1048 1509 Mathye
1073 1466 1160 1499 abb¹·
1186 1468 1268 1500 1468
1292 1466 1344 1500 ob.
1362 1467 1400 1498 fr.
1416 1466 1556 1499 Iacobus
1579 1477 1626 1499 cv.
1642 1466 1727 1499 infra
1749 1469 1896 1499 octavam
1918 1466 2002 1499 nati-

329 1520 438 1551 vitatis
455 1519 559 1551 Mario
583 1517 688 1561 (Sept.
707 1519 838 1562 8—15).
883 1519 967 1551 Item
988 1519 1039 1551 ob.
1057 1518 1095 1550 fr.
1112 1518 1285 1551 Hainricus
1303 1519 1336 1550 in
1351 1518 1404 1551 die
1421 1518 1565 1550 omnium
1581 1519 1761 1551 animarum
1777 1517 1950 1560 (Novemb.
1966 1517 2000 1562 2)
2019 1526 2044 1547 2⁸

329 1573 361 1603 in
376 1571 487 1604 Monte
504 1571 639 1603 Cassino
662 1571 744 1613 prof.
790 1571 875 1603 Item
899 1581 928 1603 a.
945 1570 1002 1613 df)
1025 1574 1173 1612 tempore
1195 1570 1328 1612 Mathye
1352 1569 1438 1602 abb¹'
1456 1569 1508 1602 ob.
1525 1570 1562 1602 fr.
1577 1570 1760 1602 Anthonius
1781 1580 1845 1603 sac.
1862 1569 2000 1602 sabbato

329 1624 361 1655 in
384 1623 497 1666 vigilia
519 1623 697 1655 nativitatis
720 1623 759 1654 d1.

380 1805 413 1840 3.
449 1795 646 1841 LIBER
678 1793 1138 1857 OBLATIONUM
1171 1794 1256 1840 ΕΤ
1282 1794 1376 1840 AN
1383 1792 1951 1841 NIVERSARIORUM

446 1867 871 1915 MONASTERII
905 1867 1276 1915 SOOTORUM
1303 1866 1882 1914 VINDOBONENSIS.

434 1970 472 2001 In
502 1970 632 2002 nomine
665 1969 804 2006 domini;
835 1979 940 2001 amen.
992 1969 1087 2000 Anno
1115 1969 1293 2001 nativitatis
1316 1967 1461 2000 eiusdem
1485 1968 1658 2000 millesimo
1682 1967 2000 2010 quadringentesimo
2019 1980 2045 2000 ao

332 2021 583 2064 quadragesimo
609 2021 763 2059 secundo,
795 2020 972 2053 indictione
996 2021 1118 2062 quinta,
1142 2020 1195 2052 die
1218 2030 1296 2052 vero
1320 2019 1395 2051 lune
1418 2019 1598 2052 tredecima
1619 2020 1739 2051 mensis
1760 2019 1902 2061 Augusti
1923 2019 2005 2051 hora

330 2084 542 2116 vesperorum
566 2073 619 2105 vel
643 2074 737 2115 quasi
761 2083 853 2105 sacro
870 2073 1045 2105 Basiliensi
1062 2072 1199 2104 durante
1216 2071 1352 2103 concilio
1364 2071 1507 2103 Wienne
1527 2072 1560 2103 in
1575 2072 1771 2104 monasterio
1787 2070 1884 2103 beate
1900 2070 2004 2103 Mario

331 2126 463 2168 virginis
488 2125 659 2157 Scotorum
685 2124 806 2156 ordinis
829 2125 853 2156 s¹
869 2124 1040 2157 Benedicti
1061 2124 1176 2156 Patav.
1194 2123 1334 2156 diocesis
1356 2124 1389 2155 in
1413 2123 1539 2155 edificio
1562 2123 1723 2156 abbaciali
1745 2124 1778 2155 in
1800 2124 1866 2156 mei
1887 2122 2006 2155 notarii

330 2177 452 2219 publici
481 2180 514 2209 et
544 2177 678 2209 testium
702 2177 873 2219 presencia
897 2176 1154 2218 subscriptorum
1177 2175 1380 2208 venerandus
1403 2176 1434 2211 in
1459 2174 1587 2207 Christo
1611 2186 1642 2218 p.
1663 2178 1696 2209 et
1719 2175 1766 2217 d.‚
1795 2175 1826 2207 d.
1842 2174 2005 2207 Iohannes

331 2229 405 2261 abb.
424 2229 571 2261 eiusdem
594 2228 688 2261 monii
715 2239 772 2260 suo
798 2232 829 2260 et
853 2232 1032 2260 conventus
1054 2229 1103 2260 sui
1126 2227 1308 2260 nominibus
1330 2227 1456 2259 litteras
1479 2227 1713 2259 commissionis
1734 2227 1799 2259 rev¹
1820 2227 1854 2258 in
1876 2226 2004 2259 Christo
2022 2240 2048 2260 ιε

331 2281 374 2323 p³⁵
397 2284 431 2313 et
455 2281 496 2322 di,
530 2280 560 2312 d*
582 2281 749 2312 Leonardi
771 2281 886 2312 Patav.
909 2281 959 2322 epi
982 2281 1015 2312 in
1043 2281 1189 2312 favorem
1218 2280 1360 2322 ipsorum
1390 2279 1483 2311 datas
1510 2282 1544 2312 et
1571 2289 1741 2312 concessas
1764 2289 1802 2311 ac
1824 2278 2004 2311 venerabili

332 2337 366 2366 et
395 2333 531 2375 egregio
564 2333 686 2364 arcium
715 2332 897 2364 liberalium
930 2336 963 2364 et
991 2343 1082 2364 sacre
1111 2333 1229 2374 pagine
1257 2331 1447 2374 professori,
1480 2337 1572 2374 mag⁰
1594 2331 1746 2363 Narcisso
1775 2330 1816 2362 de
1839 2329 2003 2372 Perching

331 2385 474 2417 directas
497 2384 619 2415 ibidem
644 2384 819 2415 constituto
843 2385 1057 2426 presentavit,
1089 2395 1169 2426 quas
1191 2384 1280 2416 idem
1304 2394 1376 2415 cum
1400 2384 1588 2416 reverencia
1612 2383 1723 2415 debita
1744 2383 1870 2424 recepit
1891 2382 2002 2414 huius-

330 2437 419 2469 modi
443 2436 501 2468 sub
526 2439 653 2468 teno're:
687 2435 878 2467 Leonardus
903 2436 956 2468 dei
979 2437 1089 2478 gracia
1113 2447 1180 2478 eps.
1197 2435 1345 2478 Patav.²)
1370 2436 1504 2478 egregio
1527 2436 1561 2467 in
1584 2434 1712 2467 Christo
1735 2434 1859 2466 sincere
1882 2433 2001 2466 dilecto

331 2493 421 2530 mag⁰
441 2488 594 2519 Narcisso
619 2487 660 2519 de
684 2487 849 2530 Perching
873 2498 963 2520 sacre
987 2489 1107 2530 pagine
1131 2488 1268 2529 doctori,
1292 2488 1430 2520 ecclesie
1454 2488 1626 2530 collegiate
1650 2487 1674 2518 si
1688 2486 1846 2529 Stephani
1862 2486 2002 2519 Wienne
2019 2499 2046 2519 4ο

331 2546 366 2572 ne
390 2540 529 2571 diocesis
553 2544 641 2580 can0,
665 2539 802 2571 salutem
826 2541 858 2571 in
882 2539 1022 2572 domino.
1069 2539 1168 2571 Sacra
1192 2541 1349 2581 scriptura
1373 2539 1570 2571 dilucidante
1593 2549 1699 2580 omne,
1723 2538 1809 2581 quod
1832 2538 1869 2570 fit
1890 2540 2002 2570 contra

331 2592 581 2632 conscienciam,
612 2591 740 2623 edificat
763 2591 805 2623 ad
829 2591 1012 2633 gehennam
1022 2591 1051 2634 8)
1074 2592 1298 2633 timoratisque
1322 2591 1530 2623 conscienciis
1553 2590 1807 2622 subveniendum
1831 2589 1941 2622 existit
1963 2599 2001 2621 ac

437 2682 460 2715 θ)
481 2683 570 2708 Lectio
588 2683 695 2708 incerta.
802 2682 826 2715 b)
847 2683 870 2708 I.
884 2691 904 2708 e.
918 2683 1031 2708 nationis
1048 2683 1168 2707 slavicae.
1275 2681 1298 2712 c)
1318 2682 1440 2714 Sequitur
1459 2682 1621 2707 ewotinctum:
1645 2683 1675 2707 fr.
1754 2675 1760 2681 ⁶
1781 2679 1806 2713 d)
1825 2680 1890 2705 Alia
1909 2688 2002 2705 manua

330 2728 358 2752 in
387 2726 506 2759 maryine
533 2730 618 2751 notat:
645 2727 729 2752 adhuc
756 2727 822 2751 vivit
849 2727 876 2751 in
904 2726 1001 2759 Speczl.
1113 2725 1135 2757 8)
1159 2726 1357 2758 Seyczensteten
1383 2725 1439 2750 cod.
1547 2723 1567 2756 ἲ)
1590 2724 1683 2749 Armua
1710 2724 1898 2750 incarnationis
1925 2724 2001 2749 docet.

334 2770 362 2801 Β)
379 2770 515 2795 iehennam
535 2769 590 2794 cod.
1918 2796 1924 2803 ·
2018 2772 2043 2791 45

440 2829 459 2861 ¹)
480 2828 526 2855 Ob.
539 2832 577 2865 21.
593 2827 663 2861 Sept.
680 2832 752 2855 1441.
858 2828 880 2863 ²)
900 2828 1079 2855 Leonhardus
1097 2837 1115 2854 α
1134 2828 1268 2862 Laymiwy
1287 2831 1469 2854 1424—1451..
