2118 3138
528 720 640 821 q}
697 734 759 828 ἐξ
882 752 1087 786 SANOTVS
1195 711 1264 793 ‘Q
1301 709 1452 816 &NJ

518 788 626 889 {35ss
641 811 649 819 2
689 826 715 868 ᾖ
789 809 934 847 AMOR
959 810 1184 848 PATRIAE
1247 793 1288 881 Ξ
1363 801 1403 882 5}
1425 811 1468 901 j

542 987 587 1075 {f
600 979 718 1076 Q
852 1048 1121 1069 mmm.
1251 990 1281 1022 ²⁷
1308 988 1434 1092 ⁴¹5⁶}ss

569 1081 678 1137 (⁶2:62
691 1108 700 1113 «ψ
793 1098 850 1117 xm.
864 1097 927 1117 m
942 1097 1019 1117 πει.
1034 1098 1182 1118 uncocxnt.
1256 1075 1334 1180 {3ss

267 1582 470 1632 Dioecesis
497 1595 714 1631 Patavicnsis
749 1607 826 1631 cum
857 1595 1084 1630 monumentis
1111 1594 1293 1630 abundans
1319 1595 1365 1630 sit
1394 1594 1632 1639 necroloqicis,
1671 1595 1828 1631 editionis

165 1676 252 1710 opus
285 1676 405 1700 eorum
441 1664 481 1700 ob
517 1664 702 1699 ubertatem
733 1663 929 1709 copiamque
963 1665 1001 1698 in
1034 1663 1124 1698 duas
1156 1663 1301 1698 divisum
1336 1667 1383 1699 est
1407 1666 1539 1709 partes.
1596 1663 1693 1699 Cura
1714 1666 1830 1709 partis

165 1733 346 1769 orientalis
363 1744 456 1768 nunc
469 1732 652 1768 Austriam
670 1732 878 1776 Inferiorem
897 1732 919 1766 i.
936 1744 964 1767 c,
980 1732 1259 1767 archiclioecesim
1274 1732 1563 1768 Vindobonensem
1581 1733 1830 1778 dioecesimque

164 1802 284 1838 Sancti
302 1801 492 1847 Hippolyti
510 1801 759 1846 complectentis
785 1801 977 1836 mortuaria
1005 1801 1170 1846 seliqendi
1197 1804 1298 1846 atque
1316 1802 1449 1845 edendi,
1478 1813 1564 1847 quae
1581 1803 1641 1838 lzoc
1660 1802 1832 1838 volumine

165 1872 392 1915 continentur,
421 1882 511 1906 anno
529 1871 625 1906 1907
651 1870 735 1906 milii
752 1870 893 1906 obvenit.
938 1870 1048 1916 Atqui
1066 1870 1361 1914 monasteriorum,
1390 1871 1639 1915 coenobiorum,
1667 1871 1829 1906 canonia-

165 1951 260 1983 rum,
297 1939 514 1975 ecclesiarum
549 1939 808 1984 colleqiatarum
835 1941 968 1974 tantum
994 1941 1214 1973 monumenta
1240 1939 1354 1983 recepi
1382 1949 1488 1983 eaque
1514 1950 1583 1974 non
1610 1939 1745 1983 inteqra
1771 1950 1829 1974 ex-

165 2009 304 2054 scripsi,
333 2008 553 2044 ecclesiarwm
580 2008 776 2053 necroloqia
799 2007 1089 2053 parrochialium,
1126 2018 1202 2042 cum
1223 2018 1406 2052 perpauca
1433 2007 1606 2052 supersint
1633 2007 1830 2052 minimique

164 2078 238 2113 sint
264 2077 434 2121 momenti,
461 2077 566 2113 omisi.
620 2077 828 2113 Sanctorum
850 2076 1054 2120 nominibus,
1083 2088 1171 2121 quae
1194 2077 1233 2111 in
1251 2076 1464 2111 calendariis
1483 2076 1530 2111 aol
1546 2075 1702 2121 sinqulos
1718 2076 1831 2112 relata

165 2149 245 2182 sunt
272 2146 356 2190 dies,
378 2157 528 2191 prorsus
551 2145 709 2190 neclectis
731 2157 773 2181 ex
790 2145 1001 2190 necrologiis,
1029 2156 1117 2189 quae
1135 2145 1172 2180 in
1191 2145 1356 2180 decennia
1375 2155 1504 2180 annum
1523 2145 1618 2180 1500
1636 2145 1831 2180 immediate

165 2216 385 2260 insequentia
419 2214 592 2259 incidunt,
625 2225 856 2260 personarum
887 2214 927 2250 ob
961 2215 1196 2249 auctoritatem
1223 2217 1324 2259 atque
1353 2213 1616 2259 amplitudinem
1643 2217 1832 2250 memoratu

167 2284 364 2329 oliqniorum
396 2287 494 2320 notas
525 2283 608 2328 eleqi
640 2286 739 2329 atque
768 2283 866 2319 edidi
892 2286 1058 2328 notasque
1086 2284 1233 2318 minoris
1261 2284 1440 2328 diynitatis
1461 2294 1707 2329 personarum,
1744 2294 1831 2328 quas

166 2356 283 2388 utrum
309 2354 459 2398 scriptor
483 2364 571 2389 saec.
590 2352 673 2388 XV.
695 2364 741 2388 an
758 2363 848 2388 saec.
868 2351 974 2387 XVI.
993 2351 1234 2397 inscripsisset,
1260 2352 1402 2387 dubium
1429 2355 1514 2396 erat,
1540 2353 1678 2397 saepius
1696 2351 1830 2387 silentio

169 2422 304 2457 omnino
331 2421 560 2457 dissimulavi.

273 2489 360 2525 Cum
394 2491 591 2526 mortuaria
625 2502 694 2526 non
722 2501 841 2535 pauca
870 2490 923 2525 hic
950 2490 1106 2535 primum
1139 2489 1316 2534 clivulqata
1348 2489 1415 2524 sint
1445 2509 1491 2514 —
1522 2490 1595 2525 alia
1627 2490 1699 2524 iam
1724 2489 1830 2534 prius

168 2561 284 2595 minus
303 2563 462 2595 accurate
479 2560 571 2595 edita
588 2562 668 2595 sunt
683 2578 730 2584 —
748 2562 848 2594 notae
866 2560 1017 2594 incertae
1033 2558 1161 2594 multae
1179 2558 1234 2594 liic
1252 2569 1457 2604 suppressae
1475 2570 1546 2594 non
1564 2562 1653 2602 sunt,
1674 2559 1830 2603 quamvis

169 2627 323 2663 dubitari
340 2631 466 2674 posset,
493 2640 575 2663 nwm
602 2629 649 2663 aol
666 2628 874 2663 monasteria
892 2627 1127 2673 coenobiaque,
1158 2639 1300 2673 quorum
1320 2628 1358 2663 in
1376 2628 1581 2673 necrologiis
1599 2629 1830 2674 reperiuntur,

167 2696 357 2740 referenda
388 2700 510 2733 essent.
571 2697 738 2742 Epitlieta
765 2699 928 2733 ornantia
954 2698 1264 2743 appellationesque
1288 2699 1410 2732 inanes
1431 2708 1661 2742 personarum
1689 2696 1830 2731 maioris

171 2765 352 2810 diqnitatis
378 2766 466 2801 notis
485 2767 664 2811 appositas
678 2766 784 2811 plane
802 2766 931 2811 neqlecci
948 2768 1113 2811 notasque
1131 2766 1312 2811 uberiores,
1341 2768 1506 2810 quantum
1521 2766 1631 2811 potui,
1659 2765 1829 2800 contraxi.
