2150 3178
317 182 381 212 550
724 174 992 203 NECROLOGIUM
1011 173 1204 202 CANONIAE
1221 173 1271 200 AD
1289 173 1316 200 S.
1329 173 1582 202 HIPPOLYTUM.

628 263 678 291 cfr.
691 272 726 295 n.,
745 262 793 296 qui
811 261 893 289 nobis
911 262 1034 289 testatus
1051 262 1095 289 est
1110 260 1263 295 uuicuique
1276 260 1411 288 florenum
1425 259 1624 295 Ungaricalem
1644 261 1673 288 et
1686 260 1835 288 conventui
1848 260 1986 295 picarium

632 307 797 341 argenteum
818 306 848 333 et
866 305 925 332 alia
942 304 1034 332 multa
1052 305 1126 332 bona
1146 304 1220 331 1507.

318 355 362 383 29.
435 354 480 381 IV.
494 354 551 381 kal.
580 349 808 393 [Ruedolfus
836 349 935 391 pleb.
958 352 996 381 et
1023 349 1066 381 fr.
1082 360 1113 380 n.
1164 347 1372 380 Heinricus
1395 358 1499 390 ppos.
1523 348 1690 381 ecclesie
1714 347 1742 379 εἰ
1764 347 1987 390 Floriani1),

632 402 696 434 cfr.
713 413 743 434 n.
787 401 1048 443 Weychardus
1072 401 1198 432 dictus
1220 399 1475 442 Messenpech
1498 399 1578 442 pbr.
1595 400 1632 432 in
1655 399 1988 432 Chremsmunster

632 457 670 486 et
692 454 757 486 cfr.
773 452 816 497 n.]
862 453 1047 495 Stephanus
1066 463 1131 484 sac.
1148 455 1181 484 et
1196 463 1238 484 m.
1256 451 1298 484 de
1315 451 1464 494 Campi·)
1481 452 1620 484 liliorum
1638 456 1671 484 et
1686 451 1743 484 cfr.
1755 462 1786 483 n.
1832 451 1988 483 Nicolaus

631 516 695 538 sac.
713 509 745 538 et
767 516 809 537 m.
828 504 868 537 de
885 505 1008 536 Zwetla
1031 508 1064 536 et
1083 504 1140 537 cfr.
1156 515 1186 535 n.
1226 503 1411 546 Stephanus
1427 503 1501 536 abb.
1520 507 1553 536 et
1569 504 1624 536 cfr.
1637 503 1697 546 n.²)
1736 503 1880 536 Thomas
1894 513 1987 545 ppos·

632 557 673 590 de
690 557 800 590 Stentz
811 557 849 600 ³),
866 557 935 599 pbr.
949 560 983 588 et
998 557 1053 588 cfr.
1067 567 1096 588 n.
1136 556 1298 588 Iohannes
1314 555 1453 588 Drosser
1469 555 1510 588 de
1523 555 1738 588 Walthausen
1754 555 1826 598 pbr.
1839 557 1873 587 et
1887 554 1944 586 cfr.
1957 565 1987 587 n.

632 610 685 641 Fr.
703 610 890 642 Cristannus
920 609 961 641 de
989 607 1028 640 δ’*
1049 608 1153 641 Cruce
1184 607 1253 650 pbr.
1278 610 1312 640 et
1339 607 1395 639 cfr.
1412 619 1443 640 n.
1487 607 1542 640 Fr.
1557 607 1720 640 Iohannes
1748 608 1788 639 de
1812 606 1988 639 Kchrems-

633 661 787 704 minterb)
814 661 885 703 pbr.
909 664 942 692 et
970 661 1026 692 cfr.
1047 671 1076 692 n.
1122 665 1156 692 D.
1171 664 1305 692 Erasmus
1329 665 1363 692 de
1386 664 1549 699 Thyrstayn
1572 663 1633 698 pbr.
1651 666 1681 692 et
1703 664 1752 692 cfr.
1768 673 1796 692 n.
1840 664 1875 691 D.
1890 662 1988 691 Wolff-

633 722 743 748 gangus
762 711 930 739 Offenheissl
949 711 1133 739 beneficiatus
1152 711 1181 738 in
1194 711 1352 744 Vichoffen‚
1373 711 1420 738 cfr.
1434 721 1469 743 n.,
1490 711 1565 738 1524.

320 762 364 790 30.
436 762 484 789 111.
498 761 554 789 kal.
583 757 735 800 [Petrus
766 756 844 798 pbr.
871 759 909 788 et
940 755 981 787 fr.
1005 767 1035 787 n.
1088 755 1242 787 Ulricus
1273 755 1440 788 ecclesie
1471 755 1499 786 s¹
1521 755 1693 797 Nycolay
1722 754 1854 787 Patav.
1879 757 1990 786 extra

633 819 760 841 muros
782 808 861 850 pbr.
885 811 925 839 et
948 808 1014 839 cfr.
1037 819 1067 840 n.
1091 811 1130 840 et
1153 808 1194 839 fr.
1212 807 1403 839 Iohannes
1427 807 1472 839 de
1497 806 1638 850 Campo
1662 807 1833 839 liliorum
1856 816 1928 838 sao.
1953 808 1991 838 et

633 872 675 893 m.
697 864 735 893 et
761 860 826 893 cfr.
846 859 889 902 n.]
937 859 990 891 Fr.
1008 859 1179 892 Oswaldus
1203 859 1244 891 de
1267 859 1467 902 Neunburga
1490 870 1538 892 cv.
1560 862 1594 891 et
1616 859 1672 891 cfr.
1690 870 1721 891 n.
1765 858 1894 890 Marcus
1916 868 1989 890 nov.

635 913 676 945 de
700 913 736 945 S⁰
753 912 916 953 Floriano,
941 912 997 944 cfr.
1014 923 1044 943 n.
1091 911 1234 943 Thomas
1251 911 1501 954 Schelmperger
1523 910 1565 943 de
1585 909 1620 942 ΒΟ
1635 910 1771 943 Nicolao
1796 910 1837 942 de
1853 909 1990 942 Patavia

635 968 729 997 extra
751 975 870 1005 muros,
895 963 964 1006 pbr.
982 967 1015 995 et
1039 964 1094 996 cfr.
1112 975 1142 996 n.
1187 963 1306 995 Petrus
1329 974 1370 995 m.
1389 966 1422 995 et
1444 973 1508 995 sac.
1526 963 1557 994 in
1574 962 1699 1005 Campo
1715 962 1866 1004 liliorum,
1890 961 1946 994 cfr.
1959 972 1990 994 n.

321 1023 365 1050 31.
450 1021 554 1049 lLkal.
583 1016 703 1060 [Gisla
731 1027 801 1048 sor.
824 1027 853 1047 n.
905 1015 962 1047 Fr.
979 1015 1173 1047 Iohannes
1203 1015 1248 1047 de
1279 1014 1318 1047 S·
1344 1014 1464 1047 cruce
1491 1014 1571 1057 pbr.
1593 1018 1630 1047 et
1653 1014 1717 1047 cfr.
1734 1026 1765 1046 n.
1815 1013 1991 1047 Andreas

634 1068 779 1100 ibidem
802 1078 854 1099 cv.
873 1071 911 1099 et
933 1068 996 1099 cfr.
1014 1066 1056 1111 n.]
1101 1066 1274 1100 Udalricus
1296 1066 1337 1099 de
1354 1066 1532 1099 Novacella
1546 1066 1617 1108 pbr.
1634 1070 1667 1099 et
1682 1067 1738 1099 cfr.
1751 1078 1782 1099 n.
1827 1066 1992 1099 Iohannes

636 1131 699 1153 sac.
723 1124 756 1153 et
778 1131 820 1153 m.
842 1119 883 1152 de
907 1119 1046 1160 Zwetla,
1076 1119 1133 1151 cfr.
1151 1130 1180 1151 n.
1233 1119 1409 1151 Gervasius
1432 1129 1496 1151 sac.
1519 1122 1552 1151 et
1574 1129 1616 1151 m.
1638 1119 1678 1151 de
1702 1119 1827 1161 Campo
1850 1119 1991 1151 liliorum

636 1177 670 1205 et
685 1172 741 1204 cfr.
754 1184 784 1204 n.
823 1171 988 1204 Michahel
1005 1171 1162 1203 Iohanser
1177 1170 1341 1213 quondam
1358 1170 1428 1203 dec.
1445 1171 1477 1202 in
1492 1170 1737 1213 Herezogburg‚
1759 1171 1830 1213 pbr.
1844 1173 1878 1203 et
1893 1170 1949 1202 cfr.
1960 1181 1990 1203 n.

636 1225 826 1257 walthasar
855 1223 944 1266 dyac.
969 1223 1010 1255 de
1034 1224 1199 1266 Tegernse
1224 1226 1256 1255 et
1279 1222 1336 1255 cfr.
1353 1234 1383 1254 n.
1433 1222 1460 1265 ο)
1469 1222 1613 1255 Thomas
1636 1222 1677 1255 de
1700 1222 1843 1255 Medlico
1866 1222 1936 1264 pbr.
1958 1224 1992 1254 et

637 1276 693 1308 cfr.
711 1288 741 1308 n.

705 1477 976 1523 TABULA
1014 1476 1213 1523 MONA
1222 1475 1619 1523 STERIORUM

517 1552 555 1599 C
564 1552 658 1599 ΟΝ
667 1549 1181 1597 FRATERNITATE
1217 1547 1803 1611 FOEDERATORUM:

430 1663 517 1695 Mon.
529 1661 791 1702 salczburgensis
808 1660 945 1691 ecclesie
963 1659 1125 1701 obligatur
1141 1659 1234 1690 nobis
1249 1658 1291 1690 ad
1305 1658 1623 1691 administracionem
1638 1658 1805 1700 prebende
1820 1661 1992 1691 conswete.

431 1716 517 1747 Mon.
536 1714 730 1746 Secoviense
756 1712 894 1744 ecclesie
919 1711 1082 1753 obligatur
1104 1711 1146 1742 ad
1169 1710 1379 1753 prebendam.

431 1767 518 1798 Mon.
534 1764 810 1806 Newnburgense.
860 1763 947 1795 Mon.
972 1764 1003 1794 in
1028 1763 1210 1794 Walthusa.
1263 1763 1350 1795 Mon.
1373 1762 1397 1793 si
1420 1761 1558 1804 Nicolay
1589 1765 1683 1794 extra
1711 1772 1819 1793 muros
1846 1761 1992 1793 Patavie.

327 1821 414 1852 Mon.
431 1820 464 1850 in
486 1817 747 1858 Reicherspcrig.
794 1816 879 1847 Mon.
896 1816 929 1847 in
952 1815 1140 1847 Novacella.
1186 1814 1308 1856 ⁴¹)M0n.
1326 1814 1349 1846 s¹
1365 1814 1512 1846 Zenonis.
1558 1814 1645 1846 Mon.
1662 1813 1695 1845 in
1717 1812 1992 1856 Berthersgaden.

327 1872 414 1904 Mon.
431 1872 463 1902 in
487 1869 803 1910 Herczogenwurga.
848 1867 935 1899 Mon.
953 1867 977 1898 εἰ
992 1866 1124 1898 Andree
1149 1877 1246 1908 super
1269 1864 1460 1898 Traismam'.
1506 1866 1592 1898 Mon.
1613 1866 1647 1897 in
1669 1865 1860 1907 Tyrnstayn.
1906 1864 1993 1896 Mon.

328 1926 359 1955 in
376 1923 505 1955 Varaw.
550 1922 637 1953 Mon.
654 1921 685 1951 in
710 1919 834 1951 Stencz.
878 1920 964 1951 Mon.
982 1920 1015 1950 in
1039 1918 1158 1950 Suben.
1197 1918 1284 1950 Mon.
1301 1918 1510 1950 Medlicense.
1549 1917 1635 1949 Mon.
1653 1916 1868 1949 Gotwicense.
1906 1916 1992 1949 Mon.

327 1978 359 2008 in
383 1976 508 2017 Campo
532 1973 682 2004 liliorum.
729 1972 815 2004 Mon.
833 1973 863 2003 in
885 1971 923 2003 S·
940 1971 1053 2003 Cruce.
1100 1971 1185 2002 Mon.
1204 1971 1237 2002 in
1254 1969 1566 2002 Chremsmuenster.
1611 1969 1698 2001 Mon.
1715 1970 1746 2000 in
1763 1967 1993 2010 Seyttesteten.

327 2028 413 2060 Mon.
435 2028 467 2058 in
491 2024 804 2067 Paungartcnperig.
858 2023 944 2055 Mon.
965 2024 998 2054 in
1021 2022 1236 2065 Altenburga.
1289 2022 1375 2054 Mon.
1399 2023 1431 2053 in
1458 2021 1589 2053 Zwetel.
1642 2021 1767 2053 Domus
1795 2020 1819 2051 s¹
1840 2020 1993 2052 Floriani.

327 2081 415 2111 Mon.
433 2084 461 2110 εδ
477 2077 644 2109 Dorothee
661 2077 693 2107 in
710 2075 870 2117 WVyenna.
910 2075 996 2107 Mon.
1014 2075 1037 2106 si
1053 2074 1161 2117 Egidii
1178 2075 1210 2106 in
1226 2074 1427 2116 Wittingaw.
1463 2073 1551 2105 Mon.
1568 2072 1592 2104 si
1608 2073 1733 2110 Quirini
1748 2073 1781 2104 in
1796 2072 1994 2114 Tegernsee.

328 2132 415 2164 Mon.
432 2131 463 2162 in
479 2129 703 2162 Understoerf.
750 2128 836 2159 Mon.
853 2129 885 2158 in
901 2127 999 2159 Roer.
1046 2127 1132 2158 Mon.
1149 2126 1173 2158 si
1189 2126 1300 2158 Iacchi
1316 2125 1446 2158 Wienn.
1489 2125 1543 2157 Ad
1559 2130 1612 2156 sum
1628 2124 1845 2156 Laurencium
1860 2123 1994 2156 ibidem.

328 2184 398 2216 Aw.
448 2180 692 2214 Pawnwurekh.
741 2180 952 2222 Peyharting.
1005 2178 1216 2211 Ranshoffen.
1267 2178 1368 2210 Mon*
1396 2182 1519 2210 can⁰¹u¹¹¹
1547 2177 1752 2219 regularium.
1803 2176 1858 2208 Ad
1881 2175 1995 2208 Scotos

328 2236 480 2267 Wienne.
526 2232 741 2264 Mareinczell.
788 2232 975 2274 Neunperg.
1022 2231 1198 2262 Lambach.
1244 2230 1474 2262 Predicatores
1496 2230 1530 2261 in
1555 2228 1724 2261 Ohrembs.

433 2285 606 2318 Insinuatis
629 2283 839 2316 morientibus
863 2283 944 2315 frum·
966 2282 1008 2314 ni*
1031 2282 1073 2314 ad
1097 2283 1275 2325 capitulum
1296 2282 1493 2324 provinciale
1510 2281 1576 2313 frum
1591 2280 1615 2312 si
1631 2280 1805 2322 Augustini
1819 2280 1995 2312 heremita—

328 2350 399 2371 rum
427 2342 526 2380 agant
553 2337 743 2368 memoriam
772 2335 950 2367 eorundem
979 2339 1064 2366 n⁰¹¹¹¹¹³
1087 2335 1293 2366 morientium
1320 2335 1411 2366 iuxta
1434 2337 1581 2366 tenorem
1603 2333 1711 2364 littere
1734 2332 1792 2364 sub
1816 2332 1922 2374 sigillo
1945 2332 1996 2364 ἶν’·

329 2390 536 2433 provincialis
560 2389 694 2421 eusdem
719 2389 849 2419 ordinis.

435 2512 458 2543 ε·)
486 2511 530 2537 Sic
557 2512 611 2537 cod.
725 2510 750 2542 b)
777 2510 890 2542 Corriy.:
917 2510 1158 2535 Kchremsminster.
1272 2508 1295 2540 ⁰)
1322 2507 1435 2540 Sequens
1461 2511 1523 2532 nota
1550 2515 1632 2540 supra
1659 2506 1742 2531 locum
1768 2513 1858 2530 rasum
1884 2505 1990 2538 scripta.

330 2554 356 2587 d)
375 2555 490 2587 Sequens
509 2563 602 2580 nomen
620 2563 702 2587 supra
721 2555 804 2580 locum
821 2562 911 2578 rasum
930 2553 1062 2585 scriptum.

438 2631 458 2665 ¹)
479 2629 626 2657 Heinricus
644 2630 686 2657 ΙΙ.
707 2633 870 2657 1313-1321,
977 2630 998 2662 ²)
1019 2628 1061 2663 C'f.
1074 2628 1112 2654 ad
1129 2627 1248 2655 Decemb.
1263 2630 1304 2654 24.
1412 2627 1433 2659 ⁸)
1455 2625 1497 2660 Of.
1509 2625 1548 2651 ad
1565 2625 1634 2659 Sept.
1648 2628 1686 2651 14.
