2150 3178
325 187 389 218 278
488 182 661 211 ANNALES
679 181 833 210 NECROL.
846 181 1028 210 FRATRUM
1045 181 1222 209 MINORUM
1241 182 1292 209 AD
1310 181 1336 210 S.
1350 181 1604 217 Hmnonnmu
1622 180 1827 209 VINDOBON.

326 272 379 298 hoc
399 290 535 298 ......
536 270 560 304 ⁸)
582 270 612 297 in
634 270 696 297 loco
715 268 878 301 Graeeensi,
903 269 952 296 sed
974 268 1152 303 postmodum
1175 268 1301 304 expulsis
1323 268 1389 296 inde
1411 269 1489 296 fi-ibu·
1506 269 1550 296 ob.
1569 268 1599 295 in
1616 267 1714 296 Slesia.
1754 267 1798 295 Fr.
1811 266 1933 295 niobael
1955 266 1990 295 de

326 314 482 349 Neuburga
500 312 650 341 claustrali
668 313 752 341 datus
770 312 800 340 in
818 311 985 340 societatem
1002 313 1036 339 (1⁰
1054 311 1227 340 Bernardino
1246 317 1297 347 ep⁰
1314 311 1512 344 Archadiensi,
1535 311 1712 347 suffraganeo
1729 309 1873 346 Agrieusi,
1897 310 1942 338 ob.
1960 310 1990 338 in

328 357 454 393 Ungaria
472 365 497 384 a.
511 357 537 384 d.
550 357 627 384 1489.
664 356 707 383 Fr.
720 356 914 391 Archangelus
936 356 971 383 de
989 357 1118 391 Aspang,
1141 357 1252 383 amator
1269 355 1460 391 paupertatis,
1485 364 1511 383 a.
1524 355 1550 383 d.
1565 355 1632 383 1496
1650 355 1686 382 ob
1705 353 1938 390 peregrinandum
1955 353 1991 381 ad

327 401 421 428 locum
444 406 471 427 5⁰
490 400 596 427 Mariae
619 400 653 427 de
674 400 791 435 Angelis
810 399 949 427 Camerini
973 399 1108 434 sepultus.
1149 399 1201 426 Hic
1224 408 1241 426 a
1259 408 1346 434 puero
1364 399 1496 427 innocens
1515 400 1545 426 et
1562 398 1682 426 mundus
1701 406 1795 426 amore
1813 397 1992 433 paupertatis

327 453 470 479 nunquam
491 452 554 471 usus
573 443 704 471 carnibus
723 452 775 471 nec
793 442 919 478 piscibus
937 444 1035 470 tantae
1053 442 1109 470 fuit
1127 442 1368 476 aequanimitatis,
1386 444 1419 470 ut
1437 450 1519 470 nemo
1537 451 1602 470 eum
1619 449 1742 476 unquam
1761 443 1813 469 aut
1824 441 1992 469 irascentem
2022 446 2035 467 s

327 489 379 515 aut
396 487 534 515 ridentem
554 486 661 520 viditb)
698 487 787 514 Homo
806 494 926 522 magnae
944 486 1102 514 devotionis
1121 487 1151 514 et
1168 485 1314 519 orationis,
1333 494 1396 513 cum
1409 485 1495 514 semel
1511 485 1543 513 in
1554 484 1689 513 Paradiao
1698 485 1719 520 ¹)
1738 484 1799 513 loeo
1813 485 1888 512 solua
1900 485 1993 512 oraret

328 531 358 557 in
377 530 506 564 ecclesia,
524 539 644 565 magnus
662 530 760 563 hostis,
779 529 914 557 orationis
931 529 1069 562 inimicus,
1088 529 1117 556 in
1129 529 1223 564 speeie
1236 529 1302 564 eqni
1314 538 1398 564 super
1410 538 1472 557 eum
1487 529 1566 556 venit
1577 529 1670 564 ipsum
1682 528 1821 562 terrendo,
1839 528 1888 556 sed
1899 529 1993 556 mente

328 574 365 602 ad
383 574 466 602 deum
484 574 632 607 refugiens,
652 582 739 608 equus
757 573 904 609 disparuit,
924 575 1023 608 postea
1039 582 1074 601 ex
1087 573 1236 601 devotione
1249 578 1301 600 sm
1313 573 1406 600 locum
1419 572 1600 608 Portiunoule
1614 571 1733 600 visitans
1745 571 1797 605 ob.,
1816 580 1872 606 quo
1883 572 1993 599 mortuo

328 617 424 646 facies·
437 626 488 645 sua
505 617 660 653 pulchrior,
686 626 769 652 quam
789 618 855 644 ante
875 617 904 644 in
927 616 987 644 vita
1004 617 1109 649 fuerat,
1134 615 1277 652 apparuit.
1315 616 1359 644 Fr.
1372 615 1590 651 christophorus
1608 616 1643 644 de
1660 615 1779 643 Monaco
1797 615 1940 650 profectus
1957 613 1994 642 ad

329 660 489 695 capitulum
507 661 638 696 generale
657 661 764 688 electus
782 659 989 688 commissarius
1007 660 1107 687 vicarii
1126 659 1289 695 provinciae
1311 659 1355 688 ob.
1375 659 1484 688 Perusii
1504 659 1572 687 1514
1594 658 1624 686 in
1640 659 1714 686 festo
1732 658 1754 686 s¹
1771 658 1994 691 Bonannturae,
2012 663 2040 684 ιο

330 703 374 731 vir
391 704 511 732 multum
529 704 636 736 doetus,
659 713 732 738 mag.
743 703 880 735 Viennae,
899 702 1054 737 aliquando
1072 703 1125 731 vie.
1138 703 1309 738 provinciae,
1328 702 1486 731 devotionis
1504 701 1607 738 gratia,
1625 701 1844 737 praedicationis
1861 700 1995 729 ssaouudia

329 747 513 783 singulariter
537 747 676 783 preditus,
701 747 817 782 elegans
839 746 1034 782 gloriosusque
1058 749 1118 774 tam
1139 746 1214 774 clero
1237 755 1322 781 quam
1345 746 1452 782 populo
1469 745 1632 781 provinciae
1650 745 1731 772 utilis
1748 754 1777 781 p.
1813 744 1996 780 PnEgydius

330 790 365 818 de
384 791 536 823 Hallstatt,
562 790 611 825 qui
635 793 664 818 et
682 790 798 817 Romam
818 789 854 816 ad
872 795 960 817 revm
978 795 1035 824 p⁰¹¹¹
1054 789 1147 817 vie¹¹²¹¹³
1165 789 1326 825 generalem
1346 789 1436 822 venit,
1462 789 1503 817 ibi
1522 788 1680 824 penitentia
1697 790 1817 824 accepta
1834 787 1924 816 redire
1941 787 1996 816 di·-

330 842 435 868 ponens
448 835 573 861 mortuus
586 835 629 861 est
641 833 751 868 fuitque
764 841 820 860 sae.
853 832 894 860 Fr.
906 833 1007 867 loseph
1019 841 1075 860 sae.
1089 833 1123 861 de
1136 833 1234 866 Athea,
1252 833 1302 868 qui
1317 833 1396 860 venit
1406 832 1522 860 Romam
1534 832 1571 860 ad
1583 831 1826 868 generalissimum
1838 831 1996 867 capitulum

331 886 356 905 a.
369 877 395 904 d.
409 878 491 910 1514,
516 876 620 904 ibidem
639 876 714 904 diem
732 876 836 904 elausit
853 878 1016 904 extremum.
1052 876 1097 904 Fr.
1110 876 1303 912 Archangelus
1321 876 1356 904 de
1374 876 1570 909 Prauneeken,
1595 875 1659 904 eler.
1677 876 1777 903 doetus
1794 875 1824 903 in
1842 874 1996 911 primitivis
2014 878 2040 900 1⁸

331 920 465 952 scientiis.
484 921 528 948 ob.
541 920 571 947 in
584 920 710 947 Bononia
727 920 852 952 ridendo,
871 919 1001 947 omnibus
1013 919 1255 952 lachrimantibus,
1274 919 1397 948 existens
1411 919 1516 948 ibidem
1531 918 1561 947 in
1573 919 1676 951 studio,
1694 928 1719 947 a.
1732 919 1759 946 d.
1770 919 1848 947 1519.
1877 918 1996 953 Νοῦν»

330 965 364 991 fr.
378 964 541 999 Hypolytus
559 964 593 991 de
608 964 730 998 Kemptu
743 963 874 991 intrando
887 963 1002 990 Italiam
1019 963 1063 991 ob.
1073 963 1203 991 Tridenti
1217 962 1248 990 in
1265 963 1327 991 loeo
1344 963 1364 990 s*
1378 962 1552 995 Bernardini,
1571 962 1679 991 zelosus
1691 963 1780 991 bonus
1792 963 1834 996 fr„
1846 971 1873 991 a.
1883 963 1996 992 &1533

332 1007 409 1035 Nota
417 1009 454 1041 ⁰):
478 1007 511 1034 fr.
523 1007 711 1041 Fran(cisc)us
729 1006 777 1034 diu
795 1006 825 1034 in
844 1006 991 1042 provincia
1009 1006 1130 1034 existens
1148 1008 1178 1034 et
1195 1006 1396 1042 incorporatus,
1414 1006 1509 1042 patria
1526 1005 1648 1039 illectus,
1666 1006 1703 1034 ad
1721 1006 1866 1042 propriam
1883 1006 1947 1042 ivit,
1965 1008 1998 1035 at

332 1051 491 1089 penitentia
510 1050 611 1078 ductus
629 1050 720 1078 redire
738 1051 838 1085 petens
857 1050 901 1078 ob.
916 1049 1115 1078 Portinnculae
1133 1059 1159 1078 a.
1174 1051 1249 1078 1541.
2018 1080 2047 1102 ·

659 1142 822 1174 Nomina
849 1142 929 1174 fr'm
958 1142 1224 1175 defunctorum
1251 1142 1474 1185 provinciae
1501 1142 1670 1183 Austrie:
2015 1152 2043 1174 so

439 1208 470 1234 A.
484 1207 510 1234 d.
526 1207 592 1234 1453
606 1206 700 1242 viguit
714 1215 819 1242 magna
831 1207 920 1242 pestis
933 1206 1067 1238 Viennae,
1086 1209 1116 1234 et
1129 1209 1196 1234 tune
1207 1206 1311 1234 mortui
1323 1208 1390 1234 sunt
1402 1205 1432 1233 in
1445 1206 1507 1234 loeo
1520 1211 1599 1233 sorum
1613 1205 1778 1233 Theowaldi
1791 1207 1821 1234 et
1833 1205 1999 1234 Ber-nardini

333 1251 415 1285 quasi
436 1250 471 1279 20
493 1251 543 1277 sr0·
560 1250 632 1278 forte
651 1250 679 1277 in
698 1250 715 1277 3
734 1250 887 1283 mensibus,
911 1250 1072 1285 incipiendo
1090 1259 1108 1278 a
1126 1259 1220 1278 mense
1239 1249 1369 1286 Augusti.
1411 1249 1519 1277 Primus
1538 1250 1664 1277 mortuus
1682 1249 1776 1278 dictus
1794 1250 1837 1278 est
1854 1249 1888 1278 fr.
1901 1249 2000 1278 Ioauea

334 1294 369 1322 de
389 1294 554 1328 Bamberga.
591 1293 634 1320 Fr.
648 1293 807 1321 Alexander
823 1293 858 1321 de
877 1293 998 1321 Leibczk
1017 1293 1090 1326 elea,
1111 1293 1154 1320 vir
1172 1293 1270 1321 valens
1289 1295 1319 1322 et
1336 1302 1410 1329 mag.
1424 1292 1536 1326 artium,
1554 1293 1588 1320 fr.
1602 1292 1780 1320 llluminatus
1798 1293 1832 1321 de
1846 1292 2000 1329 Neuburga

334 1338 413 1370 olen,
437 1337 470 1365 fr.
485 1337 623 1371 Ioan(nes)
645 1337 679 1364 de
698 1336 816 1364 Colonia
834 1346 902 1370 sac.,
928 1346 956 1372 p.
968 1346 1052 1364 senex
1076 1338 1106 1365 et
1123 1345 1196 1373 mag.
1214 1337 1353 1369 noviorum,
1377 1337 1410 1364 fr.
1423 1337 1561 1370 Ioan(nes)
1583 1336 1618 1364 de
1636 1336 1775 1372 Ungaria,
1800 1344 1855 1364 sao.
1873 1336 1999 1371 devotus,

335 1381 367 1408 fr.
382 1381 529 1415 luniperus
551 1380 586 1408 de
606 1380 726 1408 Bavaria
745 1380 776 1412 1.,
799 1380 965 1408 fr.1aeobus
988 1380 1022 1408 de
1041 1380 1195 1415 Neuburga
1218 1381 1297 1412 cler..
1321 1380 1354 1407 fr.
1368 1379 1547 1407 llluminatus
1565 1379 1597 1413 1.,
1623 1379 1656 1407 fr.
1669 1378 1807 1407 Matthias
1825 1379 1860 1407 de
1877 1379 2000 1408 Saxonis
2017 1384 2044 1406 ἥ

336 1425 414 1457 cler„
441 1425 474 1452 fr.
486 1423 601 1451 Gabriel
624 1424 658 1451 de
677 1423 855 1459 Rattnberga
878 1424 956 1457 cler„
980 1424 1013 1451 fr.
1026 1423 1194 1451 Laurentius
1217 1423 1252 1452 de
1273 1423 1389 1459 Septem
1407 1422 1513 1451 Castris
1530 1423 1549 1450 1.
1568 1422 1748 1456 infirmarius,
1772 1422 1805 1450 fr.
1818 1422 1942 1451 Thomas
1965 1423 2000 1452 de

337 1468 463 1502 Ungaria
480 1477 536 1495 sac.
549 1467 664 1502 primus,
684 1468 714 1494 fr.
729 1467 852 1495 Thomas
869 1467 904 1495 de
924 1467 1049 1503 Ungaria
1066 1476 1122 1495 sac.
1135 1467 1282 1502 secundus,
1299 1467 1332 1495 fr.
1346 1467 1532 1495 Thimotheus
1549 1466 1585 1495 de
1603 1466 1794 1501 Tuerusreutt,
1813 1475 1870 1494 sae.
1883 1466 2002 1494 devotus

334 1515 364 1540 et
382 1511 631 1546 contemplativus,
655 1511 688 1539 fr.
701 1510 866 1543 Gratianus.
894 1511 926 1539 fr.
939 1511 1096 1543 Barnabas,
1124 1511 1156 1538 fr.
1170 1510 1309 1543 Clemens,
1338 1510 1405 1539 oler¹
1422 1510 1504 1544 nov¹¹‚
1530 1510 1564 1538 fr.
1577 1509 1708 1538 Thadeus
1726 1509 1761 1538 de
1779 1509 1909 1538 Carniola
1926 1509 2001 1544 aler..

336 1556 368 1583 fr.
383 1555 511 1587 Lueidus,
530 1555 562 1582 fr.
573 1554 722 1586 Fabianus,
740 1555 772 1582 fr.
788 1554 922 1588 Ruffinus,
941 1554 959 1581 li
972 1555 1053 1587 novfl,
1071 1554 1104 1582 fr.
1118 1555 1242 1590 Angelus
1255 1555 1291 1583 de
1303 1553 1426 1587 Austria,
1445 1554 1477 1582 fr.
1491 1554 1613 1581 Thomas
1625 1554 1660 1581 de
1672 1553 1800 1586 Saxonia,
1818 1553 1852 1582 fr.
1865 1553 2002 1582 Esurien-

335 1599 370 1626 de
388 1598 544 1626 Franconia
563 1598 640 1629 cler..
666 1598 699 1625 fr.
713 1597 869 1625 Coueianus
887 1598 922 1626 de
940 1597 1016 1626 Gilia
1033 1599 1112 1632 cler„
1137 1599 1169 1625 fr.
1182 1598 1298 1626 Gabriel
1316 1598 1351 1626 de
1368 1598 1498 1634 Augusta
1516 1597 1581 1625 eler-
1594 1606 1666 1630 nov„
1689 1597 1722 1624 fr.
1735 1597 1949 1633 Bartholomqus
1966 1597 2001 1626 de
2019 1605 2047 1627 se

336 1643 451 1678 Septem
470 1641 583 1672 Castris.
607 1641 625 1668 l.
638 1643 811 1676 procurator,
834 1641 867 1668 fr.
881 1642 1096 1680 Bartholomeus
1114 1642 1148 1670 de
1167 1641 1296 1673 Saxonia,
1321 1641 1363 1668 vir
1380 1641 1461 1669 utilis
1479 1643 1508 1669 et
1526 1640 1632 1668 ibidem
1650 1640 1803 1675 aliquando
1820 1640 2002 1676 guar-dianus,

336 1687 369 1713 fr.
383 1686 532 1721 Dionysius
550 1685 584 1712 de
603 1684 804 1712 Neinkuerchn
823 1685 992 1720 predicator,
1016 1686 1047 1712 fr.
1061 1685 1211 1720 Dionysius
1229 1685 1264 1712 de
1282 1685 1405 1712 Bavaria
1423 1684 1592 1720 predicator,
1610 1684 1643 1711 fr.
1656 1683 1806 1720 Gregorius
1824 1683 2002 1717 Sohweitaer,

336 1729 441 1757 ibidem
461 1728 612 1763 aliquando
631 1728 832 1764 guar(dian)us,
856 1728 888 1755 fr.
903 1728 1082 1756 llluminatus
1101 1729 1135 1756 de
1154 1728 1269 1756 Lauffen
1288 1729 1362 1760 cler„
1385 1729 1418 1755 fr.
1432 1728 1570 1756 Iohannes
1588 1728 1623 1756 de
1641 1728 1743 1755 Suevia
1760 1727 1788 1758 l..
1813 1727 1845 1755 fr.
1859 1727 2003 1755 Mattheus

337 1773 371 1800 de
390 1773 510 1808 Cepusio
529 1773 602 1803 cler„
622 1773 653 1799 fr.
669 1772 800 1799 Albertus
819 1772 853 1799 de
866 1772 1042 1799 Vratislavia
1060 1781 1124 1804 sac„
1144 1772 1176 1800 fr.
1191 1771 1322 1800 Arsenius
1341 1773 1375 1799 de
1393 1772 1507 1807 Septem
1526 1771 1632 1799 Castris
1650 1771 1724 1804 cler„
1742 1771 1775 1799 fr.
1787 1771 2003 1799 Bartholomeus

338 1818 356 1844 l.
369 1819 467 1848 sartor.
486 1817 517 1844 fr.
531 1817 648 1843 Ioannes
661 1815 695 1844 de
709 1815 800 1843 Tulna
813 1824 867 1843 sao.
881 1824 915 1844 ex
930 1818 1078 1849 conventu,
1097 1816 1129 1843 fr.
1145 1815 1328 1850 Hieronymus
1341 1815 1376 1843 de
1388 1815 1514 1843 Sohlesia
1527 1815 1601 1849 cler„
1619 1816 1651 1842 fr.
1664 1815 1822 1842 Bernardus
1834 1814 2001 1850 Baehinger,
2019 1822 2046 1844 ιδ

337 1861 442 1888 nobilis
461 1861 526 1888 cler.
539 1869 611 1892 nov..
630 1860 662 1887 fr.
677 1860 793 1887 Ioannes
812 1853 968 1894 Geyslitzer
987 1860 1015 1892 1.,
1033 1860 1066 1887 fr.
1079 1860 1204 1895 Angelus
1221 1859 1256 1888 de
1274 1859 1437 1889 Franconia.
1457 1867 1511 1887 sae.
1526 1859 1632 1892 doctus,
1651 1858 1805 1893 aliquando
1822 1857 2002 1894 guardianus,

337 1905 370 1932 fr.
384 1905 528 1939 Sylvester
546 1904 581 1931 de
600 1903 760 1938 Ingolstadt
777 1912 841 1935 sae,
867 1904 899 1930 fr.
913 1903 1072 1938 Stephanus
1091 1903 1126 1931 de
1144 1902 1398 1931 Ulreichskurohen
1418 1902 1491 1934 cler„
1515 1902 1549 1930 fr.
1562 1902 1691 1930 Urbanus
1709 1902 1744 1929 de
1762 1901 1873 1934 Melieo,
1891 1901 1925 1929 fr.
1938 1901 2004 1929 'rhi-

338 1948 468 1976 motheus
486 1948 521 1974 de
540 1946 666 1981 Ungaria
683 1948 750 1974 sunt
768 1946 923 1978 interfecti;
949 1947 981 1974 fr.
994 1947 1112 1974 Iacobus
1130 1947 1166 1974 de
1186 1947 1299 1974 Brunna
1316 1946 1344 1979 1.,
1370 1954 1452 1974 cocus
1471 1945 1617 1979 sollicitus,
1642 1945 1676 1973 fr.
1688 1945 1836 1980 Iuniperus
1853 1945 1888 1972 de
1906 1944 2003 1972 Krem-

338 1991 412 2019 nitia
430 1991 460 2023 1.,
486 1992 652 2026 procurator
674 1990 843 2025 exemplaris
866 1992 900 2018 et
918 1990 1018 2023 bonus,
1047 1990 1079 2017 fr.
1094 1990 1244 2025 Philippus
1266 1990 1300 2017 de
1319 1989 1504 2025 Nuernberga
1522 1990 1554 2021 1.,
1580 1989 1672 2017 socius
1690 1988 1761 2020 eius,
1788 1988 1822 2016 fr.
1835 1988 1952 2016 Ioannes
1969 1988 2004 2016 de

339 2035 453 2062 Brunua
471 2034 549 2065 olen,
573 2034 605 2060 fr.
619 2033 743 2060 Andreas
767 2034 801 2061 de
819 2033 924 2060 Puseill
947 2042 1016 2066 sac„
1040 2033 1072 2061 fr.
1086 2033 1200 2061 Alexius
1217 2042 1273 2061 sae.
1293 2033 1327 2061 de
1346 2033 1472 2066 Austfia,
1497 2033 1529 2060 fr.
1543 2032 1669 2060 Andreas
1688 2032 1722 2059 de
1740 2031 1825 2067 Lipto
1844 2051 1955 2059 .....
1957 2031 2004 2064 ⁵¹³)
2022 2043 2050 2063 ω

339 2087 403 2109 sae„
421 2078 590 2112 quandoque
602 2076 782 2112 guardianus,
800 2077 832 2104 fr.
844 2076 1038 2109 Thimotheus,
1052 2085 1200 2112 germanus
1212 2076 1280 2109 eius,
1293 2075 1381 2104 etiam
1393 2075 1566 2112 guardianus
1577 2077 1608 2103 et
1619 2075 1788 2111 predicator,
1800 2075 1833 2102 fr.
1845 2074 2004 2102 Alexander

340 2123 374 2149 de
393 2121 487 2156 Styria
505 2129 568 2152 sac„
593 2120 772 2156 guardianus,
797 2119 829 2147 fr.
842 2120 975 2148 Arsenius
993 2121 1028 2148 de
1048 2120 1170 2148 Bavaria
1187 2129 1252 2152 sae,
1275 2121 1308 2147 fr.
1321 2120 1495 2155 Augustinus
1512 2120 1547 2147 de
1565 2118 1664 2147 Rheno
1682 2127 1747 2151 sata,
1773 2118 1805 2146 fr.
1817 2117 1952 2152 Baptista
1969 2117 2004 2145 de

340 2165 496 2192 Ratisbona
522 2173 590 2195 sae,
618 2164 650 2191 fr.
669 2162 848 2191 Innocentius
873 2163 908 2191 de
931 2163 1012 2191 Stain
1035 2172 1103 2196 sae,
1130 2165 1163 2191 fr.
1182 2163 1357 2199 Augustinus
1383 2163 1417 2190 de
1435 2162 1562 2191 Schlesia
1584 2171 1652 2195 sae„
1680 2162 1712 2189 fr.
1732 2161 1882 2196 Philippus
1903 2161 1923 2188 1.
1941 2169 2004 2188 nov.

340 2208 465 2236 Summa:
484 2208 526 2235 61.
869 2217 873 2222 -

445 2251 518 2278 Anni
537 2250 757 2282 subscribuntur,
776 2250 824 2277 sed
844 2249 907 2277 loca
925 2249 1072 2281 duntaxat,
1091 2249 1122 2276 in
1139 2249 1241 2284 quibus
1259 2249 1414 2280 subierunt,
1433 2248 1527 2283 posita
1544 2250 1624 2276 sunt:
2022 2258 2048 2278 ιι

445 2295 489 2322 Fr.
503 2293 690 2327 Frane(isc)us
714 2294 748 2321 de
767 2293 922 2328 Neuburga
941 2292 1006 2320 cler.
1025 2292 1054 2319 in
1072 2293 1135 2320 loco
1153 2293 1266 2325 Vienn.‚
1292 2292 1325 2319 fr.
1340 2292 1523 2326 Hieronymus
1545 2291 1580 2319 de
1598 2290 1664 2319 Hall
1685 2299 1754 2323 sao„
1779 2290 1811 2317 fr.
1829 2290 1947 2317 Ioannes
1969 2289 2004 2317 de

342 2338 480 2366 Haedresz
500 2338 572 2370 cler„
592 2337 623 2364 fr.
637 2337 772 2364 Nicolaus
791 2345 872 2364 cocus
891 2336 918 2368 1.,
938 2336 970 2362 fr.
983 2335 1120 2371 Georgius
1133 2336 1206 2368 cler„
1224 2336 1258 2363 fr.
1271 2335 1430 2363 Ludovieus
1442 2334 1599 2370 lutifigulus
1610 2334 1638 2367 1.,
1657 2334 1690 2361 fr.
1703 2333 1863 2368 Stephanus
1875 2332 1973 2360 Staohl
1985 2333 2004 2360 1.

342 2382 371 2409 in
390 2382 486 2409 eodem
504 2382 575 2408 loeo.
611 2381 735 2407 Summa:
755 2381 779 2407 7.

447 2425 478 2452 ln
497 2425 558 2452 loco
576 2422 785 2459 Noviburgensi
795 2424 829 2457 ²):
849 2423 881 2449 fr.
895 2422 1020 2457 Angelus
1038 2422 1072 2450 de
1089 2422 1172 2457 Spira
1190 2423 1255 2450 cler.
1267 2431 1330 2450 nov.
1343 2422 1374 2449 iu
1391 2422 1454 2449 loco
1472 2421 1585 2452 ibidem,
1603 2420 1637 2448 fr.
1650 2419 1787 2447 Pacificas
1805 2419 1839 2446 de
1852 2419 2006 2454 Iugelstatt

343 2469 416 2502 cler„
436 2468 468 2495 fr.
481 2467 616 2502 Georgius
634 2467 668 2493 de
688 2466 843 2494 R-atisbona
861 2466 888 2497 1.,
911 2466 943 2492 fr.
957 2465 1115 2493 Ludovicus
1134 2466 1168 2493 de
1186 2465 1313 2493 Sehlesia
1331 2466 1404 2497 cler„
1426 2465 1459 2492 fr.
1471 2465 1589 2492 Ioannes
1607 2464 1642 2492 de
1659 2462 1824 2495 Ratisbona,
1843 2462 1894 2496 qui
1910 2462 2005 2490 fuerat
2023 2471 2051 2492 so

344 2521 399 2539 sac.
413 2511 573 2542 saecularis,
593 2510 710 2537 devotus
729 2509 890 2544 predicator
902 2511 931 2536 et
943 2509 1125 2543 gum-dianus,
1143 2518 1169 2536 a.
1183 2509 1208 2536 d.
1223 2509 1299 2542 1454,
1317 2509 1350 2535 fr.
1364 2507 1520 2536 Ludovicus
1533 2507 1567 2535 de
1579 2507 1693 2542 Septem
1706 2505 1811 2534 Castris
1823 2506 1850 2539 1.,
1869 2505 1902 2532 fr.
1915 2505 2006 2533 Ludo—

449 2625 473 2658 a)
493 2625 584 2658 Spatia
607 2634 687 2650 vacuo
709 2625 797 2650 relicto
819 2633 867 2649 vox
891 2624 1018 2657 quaedam
1044 2624 1138 2649 omina
1160 2628 1203 2649 est.
1311 2622 1336 2655 b)
1356 2622 1418 2648 Coa.
1525 2621 1548 2653 θ)
1565 2621 1640 2646 Haec
1663 2624 1725 2645 nota
1747 2619 1870 2653 inferiori
1893 2619 2007 2652 nquim‘

345 2670 471 2702 inscripta
489 2673 532 2694 est.
638 2667 662 2701 d)
682 2668 743 2693 cod.

454 2747 474 2778 ¹)
497 2745 654 2772 OEenobium
672 2745 720 2771 hoc
737 2744 774 2771 ad
791 2745 814 2771 b.
827 2744 957 2779 virginem
975 2744 1006 2770 in
1018 2743 1152 2770 Paradiso
1164 2744 1362 2777 nuncupatum,
1379 2742 1410 2768 in
1421 2741 1510 2768 media
1522 2740 1596 2768 Silva
1611 2738 1807 2767 Vv'mdobonensi
1818 2740 2007 2772 comm-ucbum,

347 2798 373 2815 a.
386 2793 450 2816 1529
468 2797 485 2815 α
502 2789 598 2815 Tarnis
611 2788 770 2815 Solimanno
788 2787 855 2814 duce
874 2787 1060 2814 Vindobonam
1077 2786 1258 2813 obsidentibus
1270 2786 1332 2812 »solo
1349 2787 1494 2819 aequatum
1510 2787 1556 2812 est.
1645 2783 1668 2818 ¹)
1687 2783 1722 2809 In
1739 2781 1860 2809 coenobio
1875 2789 1896 2809 s.
1909 2781 2008 2808 Iacobo
2024 2783 2051 2803 ⁶⁵

346 2832 464 2865 apostolo
482 2831 601 2858 dedicato
622 2831 886 2864 Claustroneoburyi.
1470 2845 1476 2849 -
