2150 3178
326 214 367 244 57

327 420 367 449 64

327 472 368 501 65

327 574 368 604 66

326 626 377 656 67.

327 763 367 793 68

327 816 368 845 69

327 920 367 949 70

327 1054 362 1082 71

327 1105 376 1134 72.

326 1239 376 1269 73.

327 1291 377 1320 74.

328 1343 378 1372 75.

326 1477 376 1506 76.

326 1611 376 1640 77.

327 1662 376 1692 78.

327 1796 377 1826 79.

327 1847 378 1878 80.

326 1900 377 1930 81.

327 1951 377 1981 82.

326 2084 376 2115 83.

326 2137 377 2167 84.

327 2189 377 2219 85.

327 2292 367 2322 86

326 2343 366 2374 87

326 2447 366 2477 88

327 2499 367 2529 89

326 2550 367 2579 90

327 2602 362 2631 91

324 2705 365 2733 92

371 214 389 243 4
759 209 975 238 CATALOGUS
992 209 1274 238 DEFUNGTORUM
1292 209 1558 238 ZWETTLENSIS.

710 297 750 330 A.

607 357 647 390 A.
665 357 854 400 d.(13)51:

372 444 377 450 .
403 417 650 450 Wolfhardus
674 422 817 450 cantor.

372 493 378 500 .
403 469 626 502 Guntherus
649 471 853 512 portarius.

372 598 378 604 .
402 572 572 605 Diti-icus
596 573 641 605 de
665 565 838 606 civita'te.

401 624 586 656 Nicolaus
611 625 655 657 de
679 625 785 657 Nova
808 624 937 657 Domo.

619 703 659 734 A.
677 702 835 734 d.1353:

371 787 377 793 .
402 762 595 794 Iohannes
618 762 832 804 Peigarter.

371 839 378 845 .
402 814 594 845 Henricus
618 813 662 845 de
686 813 793 845 Nova
815 814 944 846 Domo.

371 943 377 949 .
402 917 534 949 'Piemo
559 917 652 949 diac.
670 917 821 950 nobilis.

620 996 658 1027 A.
677 996 707 1027 d.
731 997 836 1027 1354:

371 1077 377 1083 .
402 1051 648 1083 Meinhardus
672 1052 716 1084 de
740 1052 869 1084 Witra.

402 1102 627 1152 Wilhelmps
650 1103 850 1135 Bohemus.

618 1182 657 1212 A.
676 1180 706 1211 d.
729 1181 836 1212 1355:

402 1236 627 1268 Ghunradus
650 1236 851 1269 Romanus.

402 1288 586 1320 Nicolaus
610 1291 748 1320 textor.

402 1339 555 1371 Ulricus
579 1339 780 1371 Mueleich.

617 1418 656 1448 A.
675 1417 705 1448 d.
727 1419 834 1450 1356:

401 1473 628 1506 Herbordus
650 1474 815 1506 insanus.

619 1551 658 1583 A.
676 1551 706 1583 d.
730 1554 834 1584 1357:

401 1607 535 1640 Siboto
560 1608 604 1640 de
629 1608 760 1639 Witra.

401 1660 586 1692 Nicolaus
609 1659 788 1692 Polonus.

674 1739 781 1769 1359:

402 1794 534 1826 Iacobi
557 1793 740 1835 apostoli:
766 1794 948 1826 Nicolaus
969 1794 1129 1827 Salczer.

402 1845 697 1877 Bartholomeus
721 1845 765 1877 de
789 1846 955 1879 Wienna.

402 1897 592 1929 Iohannes
617 1897 662 1929 de
686 1897 913 1930 Litschawe.

402 1948 566 1980 Thomas
591 1949 635 1980 de
658 1948 951 1981 Hedreinsdorf.

678 2028 784 2058 1360:

403 2082 540 2124 Symon
564 2082 608 2113 de
633 2081 826 2114 Schenaw.

401 2134 591 2166 Iohannes
614 2144 687 2165 sac.
705 2134 750 2165 de
775 2134 942 2166 Ohrems.

401 2187 567 2226 Ulricus‚
592 2186 655 2228 qui
680 2186 742 2217 diu
766 2186 839 2217 fuit
861 2187 973 2228 prior.

370 2313 377 2321 .
403 2288 541 2331 Symon
563 2290 722 2320 nacione
747 2289 792 2321 de
816 2289 1042 2322 Litschawe.

370 2341 539 2373 .Petrus
573 2340 619 2372 de
651 2340 839 2372 Wudweis
872 2341 1062 2374 Bohemus

456 2392 594 2434 (13)60.

371 2469 377 2476 .
401 2443 647 2476 Bernhardus
671 2445 792 2475 maior
815 2445 1036 2476 celerarius.

370 2520 378 2528 .
403 2496 493 2527 Otto
518 2495 600 2527 abb.
619 2494 743 2527 Grillo
767 2506 795 2526 a.
814 2495 844 2527 d.
863 2498 967 2528 1362.

370 2573 377 2579 .
401 2548 555 2580 Ulricus
579 2547 623 2578 de
647 2546 843 2578 Rudmaeirs.

372 2625 377 2631 .
402 2599 596 2641 Nycolaus
634 2602 766 2630 cantor
803 2598 1116 2632 Gnemhertlinus

455 2652 599 2682 amicus
623 2651 787 2682 omnium
810 2655 934 2682 mmm.

369 2728 375 2734 .
401 2702 585 2734 Nicolaus
607 2702 809 2734 Bohemus.

431 2838 454 2870 ⁸)
475 2839 537 2865 God.

1186 418 1237 448 64.

1186 471 1237 501 65.

1186 574 1238 605 66.

1186 625 1237 656 67.

1186 763 1236 795 68.

1185 816 1236 847 69.

1187 920 1237 949 70.

1187 1053 1237 1083 71.

1187 1105 1236 1135 72.

1188 1239 1238 1269 73.

1187 1290 1237 1320 74.

1188 1341 1237 1372 75.

1187 1476 1238 1507 76.

1187 1609 1237 1639 77.

1187 1660 1237 1692 78.

1187 1794 1236 1824 79.

1185 1845 1235 1877 80.

1185 1897 1236 1928 81.

1184 1949 1235 1980 82.

1184 2083 1235 2114 83.

1185 2136 1235 2167 84.

1184 2188 1236 2218 85.

1185 2292 1236 2322 86.

1185 2343 1236 2374 87.

1186 2446 1236 2477 88.

1186 2499 1236 2530 89.

1178 2551 1236 2581 90.

1184 2602 1222 2631 91

1184 2704 1234 2734 92.

1570 297 1608 330 Β.

1261 416 1507 449 Wolfhardus
1530 419 1671 448 cantor.

1262 467 1482 501 Guntherus
1513 468 1702 511 antiquus.
1755 468 1839 501 Huc
1867 479 1986 511 usque

1315 521 1352 552 in
1374 520 1617 563 pestilencia.
2019 532 2031 552 ι

1260 572 1457 604 Dietricus
1481 572 1527 604 de
1550 572 1718 605 civitate.

1261 623 1446 656 Nicolaus
1468 623 1652 656 Babarus.

1393 703 1432 733 A.
1451 701 1481 733 d.
1501 703 1596 734 1353
1619 701 1683 734 iuti
1707 701 1782 734 ob.:

1259 762 1450 795 Iohannes
1472 762 1698 805 Peygarter.

1260 813 1466 846 Enim-icus
1499 814 1660 846 Haemel
1693 814 1883 846 Bohemus
1921 813 1967 846 de
2007 822 2034 844 ιο

1315 865 1422 898 Nova
1444 865 1575 898 Domo.

1262 917 1419 950 Thiemo
1444 918 1536 950 diae.
1555 918 1708 950 nobilis.

1261 1050 1507 1084 Meinhardus
1530 1050 1576 1083 de
1600 1051 1728 1084 Witra.

1261 1103 1489 1135 Wilhelmus
1510 1103 1712 1136 Bohemus.
2006 1116 2030 1136 ιο

1262 1236 1487 1268 Chunradus
1509 1236 1710 1269 Romanus.

1261 1287 1445 1320 Nicolaus
1467 1288 1688 1321 Lerknecht
1710 1291 1847 1321 textor.

1261 1339 1413 1372 Ulricus
1435 1340 1592 1372 Muerlo.

1261 1473 1494 1507 Herwordus
1517 1473 1750 1516 Angeldinst
1772 1474 1936 1507 insanus.

1262 1607 1396 1639 Siboto
1420 1606 1466 1639 de
1489 1606 1617 1639 Witra.

1261 1658 1446 1691 Nicolaus
1467 1658 1646 1690 Polonus.

2005 1751 2031 1772 ιι

1260 1791 1445 1824 Nicolaus
1469 1791 1633 1824 Salczer.

1259 1843 1555 1876 Bartholomeus
1578 1844 1622 1876 (16
1647 1844 1812 1877 Wienna.

1259 1895 1451 1927 Iohannes
1475 1895 1519 1927 de
1543 1896 1744 1928 Litschaw.

1260 1947 1425 1980 Thomas
1448 1947 1493 1979 de
1517 1947 1763 1980 Hederstorf.

1259 2081 1398 2124 Symon
1420 2081 1465 2113 de
1489 2081 1708 2113 Schoenaw.

1259 2134 1452 2166 Iohannes
1474 2143 1546 2164 sac.
1564 2133 1609 2164 de
1631 2133 1803 2175 Kremps.

1260 2185 1414 2217 Ulricus
1447 2185 1569 2227 Niger
1605 2185 1784 2226 scriptor,
1823 2185 1886 2226 qui
1925 2183 1988 2216 diu

1313 2238 1386 2269 fuit
1408 2238 1522 2279 prior.

1260 2289 1399 2331 Symon
1421 2289 1468 2320 (16
1492 2288 1771 2320 Lieehtenawe.
2003 2303 2028 2322 ες,

1260 2341 1399 2373 Petrus
1423 2340 1467 2372 (16
1490 2339 1705 2372 Budweins.

1260 2444 1508 2476 Bernhardus
1531 2442 1769 2475 cellerarius.

1262 2497 1351 2528 Otto
1377 2495 1460 2527 abb.
1478 2495 1613 2527 Grillo.

1259 2548 1410 2580 U-lricus
1433 2546 1612 2578 Rusticus
1635 2546 1679 2578 de
1702 2545 1899 2578 Rudmars.
2005 2563 2031 2582 ω

1260 2599 1440 2631 Nicolaus
1464 2598 1690 2630 Gnemhertl
1713 2600 1857 2639 cantor,
1885 2597 1986 2629 hert-

1312 2650 1456 2692 linus⁸)‚
1479 2650 1622 2682 amicus
1645 2649 1808 2681 omnium
1830 2653 1955 2681 morum·

1259 2702 1442 2734 Nicolaus
1457 2701 1647 2734 Bohemus
1667 2700 1713 2733 (16
1730 2700 1869 2732 Sancto
1886 2699 1986 2742 Ypo-

1313 2754 1382 2785 lito
1406 2753 1621 2785 suffocatus
1642 2753 1679 2784 in
1702 2751 1967 2784 calefactorio.

2003 2842 2029 2861 ⁴5
