2150 3178
678 742 968 802 NOTAE
1009 741 1680 823 NECROLOGICAE

448 837 958 898 MONIALIUM
999 838 1123 897 AD
1166 838 1223 898 S.
1255 837 1905 898 BERNHARDUM.

455 977 616 1026 Coenobii
637 991 826 1024 monialium
847 1002 873 1024 s.
891 991 1079 1024 Bernhardi
1103 991 1246 1033 reyulam
1267 993 1490 1033 professarum
1511 992 1636 1025 ordinis
1660 991 1878 1026 Gisterciensis
1898 1002 1920 1025 a
1941 992 2010 1026 viro

345 1044 444 1077 nobili
470 1044 624 1077 Heinrico
655 1054 677 1075 a
706 1043 830 1076 Weitra
851 1046 927 1084 post
953 1043 1092 1076 medium
1117 1054 1199 1076 saec.
1215 1045 1268 1078 13.
1294 1044 1331 1076 in
1356 1043 1545 1077 Alt-Melon
1568 1044 1716 1085 fundati,
1744 1053 1818 1077 mox
1843 1044 1880 1078 ob
1906 1054 2012 1086 aquae

340 1096 514 1138 penuriam
532 1096 674 1136 primum
697 1096 733 1128 in
754 1096 860 1128 vicum
878 1095 1088 1135 Neu-Melon,
1110 1095 1185 1128 dein
1206 1106 1238 1129 a.
1255 1095 1341 1128 1277
1361 1096 1398 1128 in
1420 1095 1522 1128 locum
1543 1095 1588 1128 ad
1606 1096 1762 1129 Sanctum
1781 1096 2010 1130 Bernhardum

345 1151 569 1189 nuncupatum
598 1158 638 1180 ae
661 1158 761 1189 prope
783 1148 879 1190 Kruy
907 1148 1006 1181 situm
1034 1147 1201 1187 translati,
1234 1158 1266 1180 a.
1287 1148 1373 1180 1586
1399 1147 1592 1181 monialibus
1621 1148 1838 1189 deficientibus
1863 1148 2012 1182 exstincti

345 1202 440 1232 notae
460 1199 675 1243 necroloyicae
697 1200 800 1232 codice
816 1200 902 1232 1226
924 1200 1057 1233 maioris
1077 1200 1199 1240 formas
1221 1200 1455 1233 membranaceo
1476 1200 1514 1233 in
1532 1199 1715 1233 bibliotheca
1729 1210 1879 1233 caesarea
1894 1200 2011 1235 Vindo-

346 1252 476 1284 bonensi
497 1252 658 1284 recondito
676 1251 771 1294 foliis
793 1253 880 1284 1—6'
901 1253 1114 1285 continentur.
1162 1252 1285 1294 Quibus
1307 1252 1343 1284 in
1363 1251 1452 1291 foliis
1473 1251 1693 1285 cakndamium
1714 1261 1794 1285 saec.
1811 1253 1863 1285 13.
1881 1252 2012 1286 ineunte

346 1304 539 1344 desoriplum
561 1305 652 1343 inest,
683 1304 719 1336 in
740 1314 803 1345 quo
824 1314 846 1336 a
868 1304 969 1336 variis
990 1303 1197 1337 librariorum
1218 1304 1367 1337 manibus
1388 1306 1524 1345 tempore
1544 1314 1566 1335 a
1587 1314 1668 1337 saec.
1686 1304 1737 1337 13.
1757 1306 1890 1338 exeunte
1911 1315 2012 1346 usque

345 1356 390 1388 ad
414 1367 494 1388 saec.
517 1356 568 1388 15.
591 1355 751 1388 delabente
779 1358 873 1388 notae
900 1355 1111 1397 necroloyieae
1135 1356 1295 1399 ascriptae
1321 1358 1410 1392 sunt.
1438 1365 1520 1397 quae
1545 1355 1596 1388 hic
1615 1356 1761 1396 prunum
1788 1356 1825 1390 in
1845 1356 2011 1398 publicum

344 1408 493 1441 eduntur.
543 1408 594 1450 Cf.
611 1408 717 1440 Neues
738 1407 860 1440 Archiv
881 1407 1030 1447 XXXV,
1046 1408 1111 1440 753
1119 1418 1165 1449 sq.

453 1460 534 1493 Cum
559 1461 702 1493 auctoris
731 1470 849 1492 manus
874 1460 983 1500 prima
1013 1460 1054 1493 ab
1084 1459 1161 1493 aliis
1189 1470 1270 1493 saec.
1290 1462 1341 1493 13.
1366 1459 1572 1493 librariorum
1601 1459 1750 1493 manibus
1779 1462 1859 1493 certe
1886 1459 2010 1493 dinosci

345 1515 489 1553 nequeat,
511 1523 552 1544 ne
574 1512 644 1545 eius
666 1512 828 1545 distinctio
849 1513 976 1553 quidem
999 1513 1084 1554 typis
1105 1513 1242 1556 ezprimi
1258 1513 1376 1555 potuit.
1423 1513 1530 1554 Quare
1553 1515 1647 1545 notas
1665 1522 1746 1545 saec.
1764 1513 1816 1547 13.
1837 1512 2011 1554 inscriptas

345 1564 461 1597 litteris
483 1565 657 1597 maiorum
679 1564 779 1597 latius
801 1565 973 1606 dispositis,
996 1575 1077 1598 saec.
1095 1567 1145 1598 14.
1162 1566 1305 1598 adiectas
1326 1564 1442 1598 litteris
1461 1564 1646 1604 maioribus,
1667 1566 1761 1598 notas
1775 1574 1846 1597 vero
1859 1574 1939 1597 saec.
1956 1563 2009 1598 15.

344 1616 464 1649 relatas
486 1616 601 1649 litteris
623 1617 758 1649 minutis
781 1617 882 1650 latius
903 1617 1067 1658 dispositis
1088 1617 1309 1651 exscribendas
1330 1617 1451 1650 curavi.

1042 1767 1124 1804 IAN
1128 1767 1322 1805 UARIUS.

523 1820 579 1848 kal.
608 1815 699 1858 ow)
724 1839 834 1849 .....

459 1871 583 1899 maon.
607 1867 875 1911 ob.}1eninus¹›)
899 1893 931 1901 ..
952 1855 967 1901 .’
984 1867 1064 1910 deb)

459 1924 509 1951 ΙΙΙ.
522 1932 586 1951 non.
611 1920 870 1962 Ob.Wigandus
893 1930 957 1952 sae.

461 1971 508 1998 XI.
522 1971 579 1998 kal.
608 1971 664 1999 Ob.
679 1971 871 2006 phylippus
890 1971 999 1999 Leffel
1018 1971 1088 2006 pbr.
1102 1971 1128 1998 h.
1142 1980 1165 1999 e.
1179 1980 1204 1999 a..
1217 1971 1346 2000 d.1459.

459 2015 509 2042 111.
522 2014 580 2042 kal.
609 2015 639 2042 A.
656 2015 781 2042 (1.1453
799 2015 847 2042 ob.
861 2015 886 2042 d.
901 2015 1068 2042 Iohannes
1087 2015 1326 2048 Muwenstadc)
1345 2016 1404 2041 vic.
1418 2013 1445 2041 h.
1459 2022 1482 2042 e.

344 1819 387 2041 23390205-

1022 2121 1345 2159 FEBRUARIUS.

361 2201 386 2227 4.
474 2201 509 2227 11.
523 2209 585 2227 non.
609 2196 670 2228 Ob.
687 2196 852 2239 Nyeolaus
875 2197 1002 2230 Dolker
1025 2208 1089 2230 sac.
1107 2196 1138 2229 S*
1154 2196 1298 2229 Andree.

364 2252 389 2279 6.
435 2252 508 2279 VIII.
521 2251 558 2279 id.
611 2249 673 2281 Ob.
691 2248 912 2291 G(hunradus)
935 2249 1101 2282 Bolender
1123 2260 1188 2282 sac.
1204 2249 1236 2281 h.
1253 2259 1282 2281 e.

347 2300 388 2328 10.
460 2299 508 2327 IV.
522 2299 559 2327 id.
611 2300 803 2327 Ob.Petrus
822 2300 931 2335 Reper
949 2301 1030 2328 1412
1048 2301 1117 2335 pbr.
1130 2301 1157 2327 h.
1170 2309 1194 2328 e.

347 2343 389 2370 17.
434 2343 511 2370 xm.
524 2343 582 2370 kal.
610 2343 643 2370 A.
656 2345 718 2370 etc.
731 2344 834 2377 (14)85
853 2344 1125 2372 ob.d.10hannes
1144 2343 1222 2371 Coei
1242 2343 1303 2371 vic.
1316 2343 1344 2371 h.
1357 2352 1380 2371 e.

347 2391 388 2419 18.
449 2391 511 2417 XII.
525 2390 582 2418 kal.
611 2387 816 2419 Ob.Wi1her
838 2387 1018 2430 Clapiman.

347 2443 389 2471 19.
462 2442 510 2470 XI.
523 2442 580 2469 kal.
610 2439 672 2471 Ob.
689 2439 829 2481 Wylher
852 2439 892 2471 de
915 2439 1118 2472 Randeckin.

1063 2553 1293 2590 MARTIUS.

360 2633 387 2660 5.
462 2633 511 2659 ΠΙ.
524 2641 586 2660 non.
611 2629 670 2661 Ob.
687 2629 850 2672 Nycolaus
873 2630 1004 2661 maioris
1028 2628 1238 2671 (ecclesie).‘¹)

364 2681 389 2707 9.
449 2680 510 2708 VII.
523 2680 561 2707 id.
610 2681 642 2708 A.
656 2682 718 2708 etc.
732 2681 836 2714 (14)85
854 2681 904 2708 ob,
917 2681 943 2708 d.
957 2680 1130 2708 Conradus
1149 2679 1324 2706 Friczman
1342 2678 1549 2706 scolasticus
1566 2678 1594 2705 h.
1607 2686 1631 2706 e.

451 2785 475 2817 ⁸)
494 2784 616 2818 Sequitur
634 2790 704 2817 nota,
722 2793 787 2818 quae
806 2790 871 2812 certe
890 2786 940 2819 legi
957 2789 1073 2818 nequeat.
1174 2783 1199 2817 b)
1219 2783 1310 2810 Cetera
1327 2784 1377 2817 legi
1394 2787 1528 2817 nequeunt.
1625 2782 1649 2814 ⁰)
1668 2782 1754 2808 Lectio
1771 2781 1883 2808 nominis
1899 2781 2008 2807 invem.

349 2825 375 2856 d)
394 2826 525 2860 supplevi.
