2150 3178
556 183 581 210 N
585 183 820 211 ECROLOGIUM
838 181 1026 210 CANONIAE
1044 181 1094 208 AD
1113 181 1139 208 S.
1152 181 1402 208 HIPPOLYTUM.
1742 183 1804 214 535

461 280 524 301 sac.
542 272 575 301 et
597 280 640 301 m.
657 270 698 301 de
715 269 752 300 Β*
768 269 871 301 Oruce
896 272 928 301 et
951 269 1007 301 cfr.
1024 280 1054 300 n.
1099 268 1217 300 Petrus
1233 268 1352 300 ibidem
1368 268 1437 310 pbr.
1455 270 1487 300 et
1503 268 1559 300 cfr.
1573 279 1602 299 n.
1648 268 1805 299 Martinus

461 330 524 351 sac.
543 323 576 351 ct
598 331 640 351 m.
658 320 698 351 (16
723 319 846 361 Campo
870 320 1020 360 liliorum,
1044 319 1099 351 cfr.
1116 330 1146 350 n.
1191 319 1375 351 Fridericus
1398 319 1467 361 pbr.
1485 319 1525 351 de
1549 318 1677 360 Melico,
1700 319 1756 350 cfr.
1774 330 1804 350 n.

459 371 499 403 D.
512 371 718 402 Hermannus
735 371 775 402 de
792 370 828 402 8⁰
841 371 993 403 Floriano
1011 370 1066 402 cfr.
1079 382 1110 402 n.
1148 371 1188 402 D.
1202 371 1385 413 Stephanus
1401 370 1520 403 Tobler
1535 371 1603 413 pbr.
1622 370 1653 402 Si
1668 370 1806 412 Nicolay

458 423 594 455 Patavie
622 425 715 454 extra
743 433 852 454 muros
880 425 913 454 et
940 423 995 454 cfr.
1012 433 1042 454 n.
1089 422 1331 464 Stepphanusss)
1355 421 1481 454 Sewser
1510 422 1551 454 de
1575 422 1712 454 Seoovia
1735 421 1803 464 pbr.

459 478 493 506 et
521 474 577 506 cfr.
598 485 627 506 n.
680 473 833 505 Erasmus
857 474 926 505 dec.
949 475 982 505 in
1004 474 1243 516 Reichersperg
1272 477 1305 506 et
1332 474 1387 505 cfr.
1409 485 1439 506 n.
1485 478 1665 513 Cunegundis
1688 474 1746 505 m¹i⁸
1769 479 1805 505 ad

459 525 516 552 Sum
538 524 669 552 Iacobum
690 524 811 556 Wienn..
837 533 940 551 consor.
957 534 983 551 n.
1026 525 1068 551 Fr.
1083 525 1207 552 Mathias
1230 524 1398 552 Gruenwald
1420 534 1455 552 m.
1477 525 1505 551 in
1529 525 1803 559 Pawmgartenperg,

462 568 524 603 pbr.
537 569 567 595 et
585 567 634 594 cfr.
647 577 673 594 u.

150 622 193 650 25.
240 621 314 648 vm.
327 620 383 647 kal.
409 616 627 648 Hertwicus
654 615 730 647 mil.
755 615 799 646 (16
828 614 1073 655 Hausleiten,
1104 615 1254 647 oblatio
1279 618 1324 647 60
1342 620 1363 651 ο).
1414 615 1606 647 Iohannes
1635 615 1735 657 pleb.
1759 615 1805 646 de

459 667 500 699 S⁰
515 667 676 699 Zenone.
717 665 902 708 [¹³)Wocho
921 676 996 707 eps.
1013 666 1257 698 Secoviensis
1274 667 1440 698 ecclesie
1453 667 1482 708 ¹)
1495 669 1530 698 et
1546 667 1611 698 cfr.
1624 677 1654 698 n.
1693 666 1804 709 ⁰)Dit-

459 729 583 751 marus
618 718 742 750 dictus
771 717 895 749 Rorer
927 728 1031 759 ppos.
1055 718 1223 749 ecclesie
1254 723 1293 749 ne
1322 729 1351 750 a.
1378 719 1408 750 (1.
1439 720 1542 751 1359,
1598 718 1805 750 Heinricus

460 780 538 802 acc.
557 770 725 801 ecclesie
749 769 776 800 si
792 768 964 811 Nycolay
987 770 1119 801 Patav.
1140 772 1178 800 ess
1201 770 1264 801 cfr.
1282 781 1312 801 n.
1358 770 1551 802 Michahel
1573 770 1653 812 pbr.
1674 770 1806 801 domus

460 821 487 853 si
503 821 692 862 Floriani,
717 821 780 853 cfr.
798 831 827 852 n.
866 820 1062 852 Fridricus
1084 821 1161 862 pbr.
1180 821 1225 853 de
1243 821 1282 853 S⁰
1298 821 1466 861 Andrea,
1492 821 1556 853 cfr.
1573 821 1616 864 n.]
1653 822 1807 854 Albertus

459 873 530 915 pbr.
549 876 582 904 et
604 873 642 904 fr.
659 883 689 904 n.
735 872 896 904 Iohannes
921 872 961 903 (16
978 872 1280 914 Paungartenperig
1300 873 1356 904 cfr.
1373 884 1403 904 n.
1448 873 1601 905 Nicolaus
1619 876 1651 904 et
1667 872 1806 915 Stepha-

459 935 531 965 nus,
562 924 684 956 ibidem
708 924 781 955 esre*
806 923 844 955 ns.
897 923 1035 955 Georius
1059 923 1296 965 Ginspelsteter
1323 924 1363 956 de
1387 925 1658 967 Perchtolczgarn
1680 925 1749 967 pbr.
1774 928 1807 956 et

461 975 516 1007 cfr.
538 986 567 1007 n.
620 975 737 1007 Petrus
763 974 906 1006 subdiac.
931 974 971 1006 de
994 974 1206 1016 Neunburga,
1238 975 1293 1007 cfr.
1310 987 1340 1007 n.
1391 976 1539 1007 Andreas
1562 976 1631 1018 pbr.
1656 975 1695 1007 de
1718 976 1806 1007 Pau-

461 1027 692 1069 gartenperg⁸)
721 1029 754 1058 et
776 1026 832 1058 cfr.
854 1037 883 1058 n.
929 1026 1091 1058 Iohannes
1114 1027 1274 1059 Luerczer
1297 1027 1316 1058 1.
1340 1030 1372 1058 et
1395 1028 1450 1059 cfr.
1471 1039 1501 1059 n.
1523 1028 1543 1059 l.
1589 1027 1807 1069 Wolfgangus

460 1079 654 1111 Tuensteter
677 1081 798 1119 custos,
829 1078 898 1120 pbr.
922 1081 955 1109 et
977 1078 1015 1109 fr.
1032 1089 1078 1119 n.‚
1115 1080 1203 1110 1461.
1249 1078 1410 1110 Iohannes
1434 1078 1474 1110 de
1499 1079 1536 1110 8⁸
1556 1078 1658 1111 Cruce
1681 1079 1751 1121 pbr.
1775 1083 1808 1111 et

459 1131 515 1162 cfr.
538 1141 568 1161 n.
613 1130 831 1172 Wolfgangus
854 1129 1071 1161 Hoechsteter
1099 1130 1266 1170 nobilista,
1297 1130 1318 1161 l.
1342 1134 1374 1161 et
1404 1130 1459 1162 cfr.
1480 1142 1526 1170 n.‚
1558 1130 1687 1172 (14)92,
1717 1132 1806 1162 cuius

459 1183 564 1213 anniv.
587 1183 671 1214 circa
698 1182 798 1224 ipsius
822 1185 1065 1213 monumentum
1089 1191 1161 1212 cum
1184 1182 1315 1223 vigiliis,
1345 1181 1504 1223 Requiem
1532 1185 1565 1214 et
1592 1182 1633 1214 de
1656 1182 1688 1214 b.
1704 1183 1806 1215 Marie

460 1234 592 1275 virginis
621 1234 841 1275 assumptione
871 1233 979 1264 officio
1008 1233 1238 1274 persolvimus,
1268 1243 1324 1275 pro
1354 1244 1417 1275 quo
1447 1244 1521 1265 suos
1547 1234 1640 1265 nobis
1666 1235 1806 1276 colonos,

462 1285 606 1317 decimas
629 1285 863 1326 mobiliumque
887 1295 1018 1316 suarum
1041 1295 1148 1316 rerum
1172 1287 1221 1316 est
1244 1287 1389 1316 testatus
1434 1284 1636 1326 Radigundis
1659 1297 1711 1317 ux.
1729 1286 1807 1326 eius,

460 1347 584 1369 consor.
608 1348 638 1368 n.
690 1337 743 1368 Fr.
760 1336 921 1368 Iohannes
952 1336 1043 1378 dyao.
1069 1336 1108 1368 de
1132 1336 1286 1376 Medlico,
1319 1337 1374 1368 cfr.
1395 1348 1425 1368 n.
1477 1337 1650 1369 Eufrosina
1679 1337 1741 1369 m¹f¹³
1765 1338 1807 1369 ad

460 1387 521 1419 Sum
544 1388 699 1420 Iacobum
718 1388 859 1429 Wienn.‚
884 1399 1006 1420 consor.
1024 1399 1054 1419 n.
1101 1393 1133 1420 D.
1146 1393 1268 1420 Michael
1284 1393 1479 1420 Holtzhaimer
1499 1394 1532 1420 de
1549 1393 1728 1421 Understarff
1745 1394 1805 1428 pbr.

463 1441 491 1466 et
510 1439 559 1466 cfr.
573 1448 599 1466 n.

152 1491 195 1519 26.
257 1485 385 1518 VILkal.
414 1487 589 1519 Ortolfus
613 1486 657 1518 de
675 1487 836 1518 Medlico
860 1487 938 1528 pbr.
956 1491 994 1519 ct
1017 1487 1080 1519 cfr.
1098 1498 1127 1518 n.
1167 1486 1338 1529 [Gabriel
1354 1487 1431 1529 pbr.
1450 1491 1487 1519 et
1503 1488 1565 1519 cfr.
1583 1499 1612 1519 n.
1631 1488 1674 1519 de
1692 1488 1806 1520 Walt-

459 1538 643 1580 h(ausen).
682 1538 877 1570 Iohannes
901 1539 1069 1571 subdiac.
1086 1539 1230 1571 ibidem
1254 1543 1290 1571 et
1313 1539 1376 1571 cfr.
1395 1550 1424 1571 n.
1463 1539 1736 1571 Christammus
1760 1540 1806 1571 de

460 1590 577 1622 Lofer
606 1590 684 1632 pbr.
710 1593 747 1622 et
776 1590 840 1622 cfr.
863 1589 907 1633 n.]
958 1590 1076 1622 Petrus
1100 1590 1243 1622 Ohubler
1270 1591 1310 1622 de
1335 1591 1370 1623 S⁰
1391 1591 1521 1623 Zenone
1548 1591 1617 1633 pbr.
1642 1595 1675 1623 et
1698 1592 1753 1623 cfr.
1775 1603 1805 1623 n.

461 1642 623 1673 Achacius
639 1641 767 1673 Dorner
789 1641 830 1673 de
848 1641 984 1673 Secovia
1005 1642 1075 1684 pbr.
1093 1646 1126 1674 et
1148 1643 1205 1674 cfr.
1222 1654 1251 1674 n.
1298 1643 1458 1674 Iohannes
1482 1643 1523 1674 de
1539 1643 1717 1674 Novacella
1736 1643 1805 1684 pbr.

461 1695 495 1725 et
518 1693 574 1724 cfr.
590 1704 620 1724 n.
667 1693 829 1724 Iohannes
851 1693 892 1724 de
908 1692 1085 1735 Neuburga
1108 1693 1176 1735 pbr.
1195 1697 1228 1725 et
1251 1694 1307 1725 cfr.
1324 1705 1354 1725 n.
1400 1694 1561 1726 Iohannes
1577 1694 1749 1726 Schricker
1766 1695 1806 1726 de

460 1744 646 1785 Newburga
674 1744 743 1786 pbr.
765 1747 799 1776 et
825 1744 881 1776 cfr.
899 1755 929 1775 n.
975 1744 1135 1786 Georgius
1159 1745 1263 1777 dictus
1286 1745 1327 1777 de
1351 1745 1485 1787 Oetting
1507 1745 1576 1787 pbr.
1597 1745 1690 1777 monii
1712 1746 1806 1778 Meli-

460 1796 576 1836 censis,
606 1795 663 1827 cfr.
687 1807 717 1827 n.
769 1795 809 1827 D.
831 1795 955 1838 Oaspar
985 1796 1024 1828 de
1054 1795 1272 1839 Stubemperg
1301 1808 1391 1838 ppos.
1416 1800 1448 1829 et
1477 1796 1648 1829 archidiac.
1672 1797 1806 1829 ecclesie

460 1847 721 1889 Salczpurgensis
732 1847 771 1889 ²),
798 1847 868 1889 pbr.
893 1851 926 1879 et
949 1848 1005 1879 cfr.
1021 1859 1052 1879 n.
1098 1848 1285 1880 Cristannus
1309 1849 1349 1880 de
1374 1848 1411 1880 δ’
1428 1848 1531 1880 Cruce
1554 1848 1623 1890 pbr.
1647 1853 1679 1881 et
1704 1849 1759 1881 cfr.
1776 1861 1805 1881 n.

459 1898 629 1931 Udalricus
641 1899 784 1940 Kaergel
799 1899 839 1931 de
852 1899 996 1931 Landaw
1007 1910 1092 1942 mag.
1105 1900 1236 1941 arcium,
1253 1901 1360 1932 senior
1372 1900 1442 1942 pbr.
1454 1904 1487 1932 et
1498 1912 1539 1932 m.
1551 1911 1592 1932 ex
1605 1900 1772 1941 Tegenese
1780 1901 1806 1942 ³)

461 1954 494 1982 et
509 1951 565 1982 cfr.
577 1962 606 1982 n.
651 1951 703 1983 Fr.
715 1951 870 1982 Martinus
887 1951 962 1983 cler.
975 1951 1261 1993 Astenwurgensis,
1283 1952 1338 1984 cfr.
1353 1963 1382 1983 n.
1422 1957 1456 1983 D.
1471 1957 1591 1984 Ioannes
1608 1957 1641 1984 de
1655 1957 1806 1991 Reychers-

461 2010 532 2036 perg
549 2002 610 2036 pbr.
624 2003 653 2029 et
672 2002 721 2029 cfr.
734 2011 760 2029 n.
821 2017 823 2019 ·

150 2053 193 2081 27.
266 2053 313 2080 VI.
326 2053 382 2080 kal.
409 2050 635 2081 Altmannus
658 2050 735 2092 pbr.
754 2052 790 2081 et
816 2050 856 2081 fr.
875 2061 905 2081 n.
950 2050 1171 2082 Fridericus
1194 2051 1271 2092 pbr.
1290 2054 1326 2082 et
1349 2050 1390 2082 fr.
1405 2061 1434 2081 n.
1480 2050 1671 2083 Gredrudis
1693 2062 1805 2083 sor.n.

461 2101 553 2133 Otto
571 2101 615 2134 de
633 2100 794 2133 Secovia
810 2102 886 2143 pbr.
904 2106 942 2134 et
959 2102 1024 2134 cfr.
1038 2113 1067 2134 n.
1103 2102 1335 2145 [b)A1bertus
1352 2102 1472 2134 Durro
1489 2103 1586 2144 pleb.
1604 2104 1641 2135 in
1658 2103 1805 2135 Seveld.

459 2152 616 2184 Ulricus
647 2153 691 2184 de
714 2153 870 2185 Varawe
897 2153 1004 2195 pbr.‘¹)
1029 2158 1066 2186 et
1092 2154 1155 2186 cfr.
1173 2166 1203 2186 n.
1249 2154 1455 2186 Hainricus
1479 2155 1642 2187 ecclesie
1670 2155 1698 2186 si
1721 2155 1806 2186 Flo-

461 2205 559 2236 riani
589 2204 727 2246 ppos.³)
750 2205 853 2246 rev.⁰)
884 2208 920 2237 et
950 2205 1014 2237 cfr.
1038 2217 1067 2237 n.
1123 2206 1312 2237 Iohannes
1341 2205 1510 2237 subdiac.
1535 2206 1580 2237 de
1611 2206 1652 2237 S¹²
1676 2206 1805 2247 Cruce,

461 2256 524 2288 cfr.
548 2267 578 2287 n.
630 2256 804 2288 Andreas
835 2267 886 2288 ac.
912 2257 1070 2298 ibidem,
1103 2257 1168 2289 cfr.
1192 2268 1222 2289 n.
1275 2257 1562 2289 Hildebrandus
1593 2258 1636 2290 de
1667 2258 1806 2300 Campo

461 2307 630 2339 liliorum
654 2318 706 2339 cv.
725 2311 761 2340 et
784 2308 850 2340 cfr.
867 2307 911 2351 n.]
957 2309 1087 2340 Maecze
1111 2309 1173 2340 m¹ig
1194 2309 1233 2341 de
1251 2308 1414 2346 Seccovia,
1439 2320 1560 2340 consor.
1578 2320 1607 2340 n.
1652 2309 1807 2341 Albertus

461 2358 564 2390 felicis
594 2360 751 2391 memorie
784 2359 851 2391 dux
879 2360 1022 2400 Austrie,
1056 2371 1114 2392 rex
1142 2360 1376 2401 Romanorum,
1410 2360 1553 2402 Ungarie
1583 2363 1616 2392 et
1638 2361 1806 2402 Bohemie,

463 2413 590 2442 amator
612 2410 689 2442 cleri
713 2421 750 2442 ac
773 2411 990 2443 hereticorum
1013 2415 1211 2453 persecutor,
1242 2423 1270 2443 a.
1290 2414 1381 2444 1439.
1427 2412 1588 2443 Iohannes
1611 2412 1713 2443 dictus
1737 2412 1806 2444 Leb

461 2461 502 2492 (16
528 2461 714 2504 Newburga
737 2462 941 2494 decretorum
965 2463 1087 2503 doctor,
1111 2463 1180 2504 pbr.
1198 2467 1231 2495 et
1254 2463 1309 2495 cfr.
1327 2474 1356 2494 n.
1402 2463 1442 2495 D.
1459 2463 1619 2495 Iohannes
1641 2463 1807 2496 Umkcher

462 2512 502 2544 de
526 2512 733 2555 Newnburga
763 2514 832 2555 pbr.
857 2517 890 2546 et
918 2514 972 2546 cfr.
997 2526 1026 2546 n.
1073 2514 1276 2546 Oristofferus
1298 2515 1492 2555 Lamparter
1515 2514 1554 2546 de
1579 2514 1713 2546 Secovia
1737 2515 1805 2556 pbr.

461 2567 494 2595 et
523 2564 578 2596 cfr.
601 2576 631 2596 n.
684 2565 736 2597 Fr.
758 2565 967 2597 Sebastianus
996 2566 1077 2607 prof.
1102 2566 1194 2597 mon‘*
1224 2571 1252 2596 s⁹
1275 2565 1456 2604 Dorothee‚
1489 2566 1545 2598 cfr.
1566 2577 1595 2597 n.
1645 2566 1807 2598 Erntrawt

256 2687 280 2720 ¹)
301 2687 346 2714 Sic
364 2689 419 2714 cod.
506 2688 531 2721 b)
551 2689 664 2722 Sequens
682 2694 745 2715 ‘nota
762 2699 842 2723 supra
862 2691 944 2715 locum
962 2699 1052 2715 rasum
1070 2691 1174 2723 scripta.
1262 2690 1285 2722 c)
1306 2690 1417 2723 Sequens
1433 2695 1495 2716 owta
1509 2691 1594 2716 colore
1610 2691 1689 2717 ‘rubro
1702 2693 1806 2725 scripta.

154 2728 180 2763 ²¹)
199 2730 320 2763 Sequitwr
338 2731 408 2757 locun
425 2740 508 2757 ram.
614 2735 636 2763 Θ)
657 2733 711 2758 Vox
728 2733 791 2758 haec
809 2734 864 2766 fere
882 2742 967 2758 erasa.

258 2807 278 2840 ¹)
298 2809 467 2835 1318—1334.
573 2810 593 2841 ²)
614 2811 785 2836 1467-1478.
893 2809 914 2842 ³)
932 2809 1082 2835 Heinrieus
1101 2809 1159 2836 ΠΙ.
1179 2818 1196 2835 a
1217 2809 1294 2836 Piber
1314 2812 1483 2836 1331—1350.
