2150 3178
348 163 411 192 544
754 157 1020 186 Nsscnonocmu
1040 157 1231 186 efflemsi:
1247 156 1297 184 An
1316 157 1343 185 s.
1356 156 1607 185 fflrrom'rum.

661 245 702 278 de
726 245 1014 278 Khremsmunster
1036 244 1107 287 pbr.
1127 247 1161 277 et
1183 255 1225 276 m.
1250 247 1284 277 et
1306 244 1362 277 cfr.
1379 255 1410 276 n.
1455 249 1490 277 D.
1506 249 1648 278 Iohannes
1671 250 1706 278 de
1729 249 1865 284 Schwatz,
1893 251 1966 286 prof.
1983 251 2014 278 in

347 345 391 373 27.
476 346 510 373 V.
522 345 582 373 kal.
608 296 896 373 Μθὸὶιιέῗὲἷεειῦὀοιξῗ
909 305 960 372 net
989 350 1060 372 sor.
1084 350 1115 371 n.
1165 339 1367 371 Diemudis
1389 339 1430 381 1⁸,
1461 339 1609 372 oblatio
1634 343 1678 372 75
1698 345 1718 375 ὁ.
1770 340 1938 373 sifridus
1961 351 2013 374 cv.

662 396 700 425 et
730 393 772 425 fr.
794 403 825 424 n.
875 391 1146 435 [Wernhardus
1178 390 1257 433 pbr.
1283 390 1527 424 Secoviensis
1557 394 1595 424 et
1623 392 1688 424 cfr.
1711 403 1742 424 ιι.
1794 391 2015 425 Dietmsrus

662 445 766 486 dyac.
790 444 956 476 ecclesie
988 443 1246 483 Secoviensis‚
1279 442 1344 475 cfr.
1367 454 1398 475 n.
1454 443 1604 476 Ulricus
1633 443 1732 486 pleb.
1757 444 1802 477 de
1832 443 2014 488 Syghart-

662 495 859 538 (kirchen).
905 495 1098 527 Iohannes
1122 498 1160 526 et
1181 506 1238 527 ux.
1256 495 1339 527 eius
1353 495 1574 538 Alhaidis.·)
1615 495 1754 529 Petrus
1771 495 2015 529 Secoviensis

661 548 726 580 cfr.
740 559 770 580 n.
809 547 1015 580 Heinricus
1031 557 1083 579 cv.
1100 552 1133 578 se
1147 546 1269 579 Μαι-ιθ
1285 547 1446 589 virginis
1461 548 1498 579 in
1513 547 1875 591 Psungsrtenperg,
1891 548 1956 581 cfr.
1969 547 2014 591 n.]

662 600 828 632 cristanus
843 600 932 642 prior
947 599 988 631 de
1004 598 1035 630 N
1038 599 1190 642 ewburga
1207 602 1239 631 et
1255 599 1312 631 cfr.
1325 610 1354 631 n.
1394 598 1533 632 Georius
1549 599 1622 632 abb.
1638 601 1670 632 in
1687 599 1812 642 Campo
1828 600 1969 632 liliorum
1976 599 2016 642 ι),

661 651 717 684 cfr.
734 663 765 684 n.
811 651 968 683 Martinus
991 650 1090 682 Gesel
1113 661 1178 683 sac.
1195 654 1229 683 et
1251 661 1293 683 m.
1315 651 1347 682 in
1371 650 1496 694 Campo
1519 651 1670 691 liliorum,
1693 651 1751 684 cfr.
1766 663 1797 684 ιι.
1841 651 1882 684 D.
1899 651 2015 684 Krafto

662 703 765 735 dictus
781 703 946 734 Hsslauer
962 702 1032 734 dec.
1049 702 1186 735 ecclesie
1202 701 1483 744 Sakzwurgensis,
1507 702 1563 735 cfr.
1576 714 1607 735 n.
1644 703 1697 735 Fr.
1711 703 1854 736 Thomas
1869 702 2015 736 Roesen-

662 755 781 796 berger
808 754 849 786 de
872 754 1010 786 Monaco
1034 753 1194 795 subdiac,
1224 754 1281 785 cfr.
1298 765 1328 785 n.
1379 754 1548 786 Conradus
1577 755 1685 787 senior
1712 755 1752 788 de
1778 755 1922 788 Werdea¹
1944 755 2014 798 pbr.

661 810 695 838 et
718 806 775 838 cfr.
792 817 823 838 n.
869 811 914 838 Fr.
931 810 1082 838 Nicolseus
1105 810 1140 838 de
1163 810 1196 837 S·
1212 809 1317 838 Cruece
1340 806 1453 847 diust),
1478 806 1570 846 pbr.¹')
1586 812 1616 839 et
1639 812 1690 839 cfr.
1706 821 1734 839 ιι.
1775 832 1787 845 .

348 863 392 891 28.
466 863 511 890 IV.
525 862 582 890 kal.
611 857 884 901 [emirum-adue
912 857 1012 900 pleb.
1036 858 1072 889 in
1100 856 1462 898 Pehemchirichen‚
1494 857 1638 890 oblatio
1666 860 1686 890 2
1708 859 1786 900 tal.‚
1817 858 1881 902 qui
1907 857 2017 891 dedit

663 910 773 943 nobis
802 910 950 942 vinesm
980 909 1018 941 in
1041 909 1218 941 Rozzszz.
1269 909 1564 952 Mag.Ulr(icus)
1594 909 1640 943 de
1664 910 1822 943 Wienns
1849 910 1922 952 ob.,
1953 911 2016 953 qui

663 962 855 1004 disposuit
885 961 1051 993 ecclesie
1083 966 1120 992 ιι·
1149 962 1168 992 2
1192 959 1335 1003 libros]
1386 959 1556 993 Oswaldus
1578 971 1642 993 sac.
1666 961 1707 994 de
1730 961 1880 1003 Patavin,
1912 961 2016 994 onan.

663 1014 819 1046 Martinus
835 1024 878 1045 m.
894 1013 936 1045 de
953 1012 1104 1053 Medlico,
1121 1012 1191 1054 pbr.
1209 1015 1242 1044 et
1257 1012 1312 1044 cfr.
1327 1023 1357 1044 n.
1392 1012 1546 1045 Andreas
1557 1013 1718 1046 Prsntnsr
1733 1024 1797 1046 sac.
1811 1013 1852 1046 de
1868 1013 2016 1055 Secovis,

663 1066 719 1098 cfr.
741 1077 771 1097 n.
823 1065 978 1098 Albertus
1000 1075 1044 1097 m.
1067 1065 1107 1096 de
1132 1063 1169 1096 S·
1190 1063 1309 1104 Oruce,
1339 1063 1408 1106 pbr.
1433 1068 1465 1096 et
1488 1065 1545 1096 cfr.
1562 1075 1591 1096 n.
1636 1064 1811 1097 Heinricus
1833 1065 2017 1098 Rietntaler

664 1118 704 1150 de
721 1117 929 1160 Newnburgs.
953 1116 1022 1159 pbr.
1041 1120 1074 1149 et
1097 1116 1153 1148 cfr.
1170 1127 1199 1148 ιι.
1246 1116 1371 1148 Luccas
1394 1115 1435 1148 de
1456 1115 1592 1149 Secovia
1615 1117 1685 1159 pbr.
1703 1120 1736 1150 et
1759 1117 1815 1150 cfr.
1832 1128 1862 1150 n.
1907 1117 2016 1150 Wolf-

662 1181 786 1212 gangus
810 1169 850 1201 de
867 1169 1061 1211 Tyrnnstain
1085 1168 1153 1210 pbr.
1172 1171 1205 1199 et
1227 1168 1284 1199 cfr.
1298 1178 1327 1200 n.
1373 1167 1528 1200 Erasmus
1552 1169 1592 1201 de
1610 1168 1747 1202 Secovis.
1770 1169 1839 1212 pbr.
1857 1173 1891 1202 et
1913 1169 1970 1202 cfr.
1985 1180 2015 1202 n.

662 1221 874 1254 Leonhardus
904 1231 994 1263 ppos.
1019 1220 1112 1252 mon“
1142 1220 1174 1251 in
1198 1220 1316 1252 Voraw
1326 1219 1370 1262 ²),
1403 1220 1459 1252 cfr.
1485 1220 1551 1262 n.‘¹)
1602 1226 1636 1253 D.
1658 1225 1828 1254 vincencius
1855 1225 1955 1254 Wider
1980 1226 2017 1254 de

666 1272 920 1300 Khrembsminster
938 1281 982 1304 m..
1001 1271 1062 1307 pbr.
1075 1272 1106 1299 et
1123 1271 1170 1298 cfr.
1183 1280 1210 1298 ιι.

349 1326 392 1354 29.
464 1326 512 1353 ΠΙ.
526 1325 583 1352 kal.
611 1320 948 1364 [Commemorscio
970 1319 1215 1352 fundatorum
1239 1323 1276 1352 et
1295 1319 1599 1361 benefactorum,
1623 1321 1702 1352 frum
1719 1323 1755 1353 et
1771 1325 1879 1352 s0r¹²¹¹¹
1896 1321 2015 1353 eccle-

662 1374 717 1405 sie
745 1373 773 1404 s¹
794 1372 980 1413 Floriani,
1011 1371 1178 1404 ecclesie
1208 1371 1236 1403 s¹
1257 1371 1420 1414 Nycolai
1449 1375 1488 1404 et
1511 1371 1757 1404 Secoviensis
1785 1371 1951 1404 ecclesie
1979 1375 2017 1404 et

665 1425 831 1457 ecclesie
855 1424 1085 1456 Varavensis
1116 1427 1154 1456 et
1185 1423 1354 1456 ecclesie
1385 1423 1413 1455 s¹
1440 1423 1625 1456 Iohannis
1656 1425 1692 1456 in
1715 1423 1914 1456 Walthusa
1945 1423 2018 1466 ὑοῦ

663 1476 829 1509 ecclesie
845 1476 1168 1518 Neunwurgensis
1191 1478 1230 1507 et
1251 1475 1417 1508 ecclesie
1437 1475 1464 1507 s¹
1479 1475 1633 1508 Andree
1654 1478 1692 1508 et
1707 1475 1875 1508 ecclesie
1894 1480 1928 1506 ιι·
1943 1475 2016 1508 Ka-

664 1529 788 1560 terine
811 1529 848 1560 in
863 1527 1034 1569 Stencz.')
1073 1527 1331 1567 Purohardus,
1354 1527 1602 1568 Laurencius,
1625 1527 1861 1568 Fridericus,
1882 1527 2016 1560 Alber-

664 1584 737 1621 tus,
770 1580 938 1621 Ulricus‚
971 1579 1051 1622 pbr*
1075 1578 1121 1610 de
1144 1578 1326 1620 Medlico,
1357 1579 1446 1611 csrss
1468 1579 1510 1611 η’.
1561 1579 1726 1611 Thomas
1754 1589 1827 1611 sac.
1849 1582 1886 1611 et
1914 1584 1956 1611 ῑιι.
1979 1579 2017 1613 in

663 1632 1039 1674 Paumgartenperg,
1064 1631 1129 1662 cfr.
1146 1641 1175 1663 n.
1214 1630 1313 1662 Pero
1337 1630 1414 1672 pbr.
1433 1633 1472 1663 et
1488 1630 1529 1662 fr.
1546 1642 1577 1663 ιι.
1615 1631 1803 1663 Martinus
1818 1630 1864 1662 de
1880 1630 2016 1663 Stencz

663 1685 740 1726 pbr.
759 1688 796 1716 et
818 1684 882 1715 cfr.
901 1695 930 1715 n.
983 1682 1230 1715 Meinhardus
1253 1686 1290 1714 et
1313 1694 1370 1714 ux.
1387 1693 1454 1714 sus.
1477 1682 1692 1726 Gedrudis.]
1741 1682 1897 1714 Albertus
1919 1693 2016 1725 magu,

663 1746 727 1767 sac.
749 1739 782 1766 et
804 1746 845 1766 m.
864 1734 904 1767 de
927 1734 964 1766 Β*
985 1735 1099 1776 Oruce,
1124 1735 1180 1766 cfr.
1194 1746 1223 1766 ιι.
1270 1735 1420 1767 Geiorius
1441 1735 1708 1777 Zcewchingerb)
1731 1735 1801 1777 pbr.
1819 1735 1860 1767 de
1884 1735 1922 1767 8⁰
1940 1735 2017 1767 Flo-

665 1789 765 1828 riano,
790 1787 846 1819 cfr.
863 1798 892 1819 n.
932 1787 1082 1819 Andreas
1102 1787 1171 1829 pbr.
1190 1787 1230 1819 de
1248 1787 1466 1829 Newnburgs,
1490 1787 1546 1820 cfr.
1563 1799 1594 1819 n.
1629 1787 1847 1830 Wolfgangus
1863 1787 2016 1830 subdyac.

665 1839 706 1871 de
723 1839 759 1871 S⁰
776 1839 927 1870 Floriano
945 1842 979 1870 et
994 1839 1051 1871 cfr.
1064 1850 1094 1871 n.
1133 1839 1174 1870 D.
1190 1838 1396 1881 Stephannus
1415 1840 1492 1871 olim
1508 1850 1600 1881 ppos.
1617 1839 1654 1871 8⁹
1668 1839 1836 1872 Dorothee
1847 1839 1874 1882 ³)
1888 1839 2017 1872 Wienn.

668 1893 758 1923 1477.
804 1891 844 1923 D.
862 1891 1024 1923 Iohannes
1046 1891 1191 1923 Ruemer
1214 1895 1248 1923 et
1269 1891 1429 1932 Andreas,
1452 1891 1520 1933 pbri
1537 1891 1759 1931 Secovienses,
1783 1890 1857 1923 σῖτ’·
1879 1891 1918 1923 n¹.
1963 1890 2017 1923 Fr.

663 1943 826 1975 Iohannes
854 1943 894 1974 de
917 1942 1058 1975 Medlico
1086 1943 1190 1975 dictus
1213 1943 1405 1986 Sletpacher
1433 1943 1503 1985 pbr.
1527 1946 1560 1975 et
1583 1943 1639 1975 cfr.
1656 1954 1686 1975 n.
1732 1943 1891 1975 Martinus
1915 1942 2019 1975 dictus

663 1995 866 2037 Parsperger
889 1996 920 2027 in
945 1994 1054 2027 Suben
1078 1995 1148 2037 pbr.
1166 1998 1199 2027 et
1221 1995 1277 2027 cfr.
1295 2006 1324 2027 n.

352 2056 396 2083 30.
481 2056 514 2082 Il.
529 2055 584 2082 kal.
612 2051 809 2083 Dietricus
832 2051 905 2093 pbr.
929 2055 967 2083 et
994 2051 1035 2083 fr.
1052 2063 1082 2083 n.
1134 2050 1338 2094 [Iohannes
1361 2051 1438 2093 pbr.
1462 2051 1506 2083 de
1530 2051 1710 2092 Medum,
1740 2050 1803 2083 cfr.
1820 2061 1851 2082 ιιι
1900 2050 2018 2083 Hein-

665 2104 765 2135 ricus
795 2103 839 2135 de
862 2103 1111 2136 Enzeinstorf
1137 2104 1214 2146 pbr.
1237 2108 1274 2136 et
1302 2104 1342 2136 fr.
1365 2115 1395 2135 n.
1445 2103 1638 2135 Iohannes
1666 2102 1790 2134 dictus
1813 2102 2020 2134 Pesniczer

665 2156 701 2186 in
725 2155 867 2197 Stetzss)
896 2155 974 2197 pbr.
996 2160 1032 2187 et
1061 2156 1124 2188 cfr.
1141 2168 1171 2188 n.
1224 2156 1417 2188 Iohannes
1444 2155 1521 2198 pbr.
1546 2155 1592 2186 de
1619 2154 1952 2187 Chremsmunster
1981 2152 2020 2186 et

666 2208 730 2239 cfr.
752 2218 782 2238 ιι.
833 2207 1039 2239 Heinricus
1068 2207 1193 2240 dictus
1217 2207 1416 2239 Gratawer
1443 2207 1488 2239 de
1515 2205 1856 2248 Berhthersgaden
1879 2205 1959 2247 pbr.
1981 2208 2020 2238 et

666 2260 730 2291 cfr.
754 2259 798 2302 n.]
850 2259 970 2301 Symon
994 2270 1084 2301 ppos.
1102 2260 1353 2302 Newburgensis
1363 2259 1404 2302 ⁴),
1434 2259 1505 2301 pbr.
1527 2262 1561 2291 et
1583 2258 1640 2290 cfr.
1660 2269 1691 2290 n.
1741 2257 1890 2290 Andreas
1913 2257 2019 2290 dictus

667 2311 865 2352 Solsneyder
888 2311 928 2343 de
947 2310 984 2342 S⁰
1000 2311 1168 2353 Yppolsto,
1192 2311 1261 2353 pbr.
1279 2315 1313 2343 et
1336 2311 1373 2343 fr.
1390 2322 1432 2352 n,
1460 2312 1551 2343 1460.
1597 2309 1637 2342 D.
1654 2309 1828 2342 Heinricus
1851 2309 1892 2341 de
1907 2309 2018 2342 Nova-

667 2363 750 2394 cclla
779 2367 812 2394 et
839 2363 895 2394 cfr.
917 2374 946 2394 n.
993 2363 1148 2395 Nicolaus
1171 2362 1250 2394 Ratt
1279 2362 1319 2394 de
1343 2362 1464 2394 Winna
1488 2366 1521 2394 et
1543 2362 1598 2394 cfr.
1617 2373 1648 2394 n.
1694 2362 1893 2404 Augustinus
1915 2362 2020 2394 Lorer

666 2414 735 2456 pbr.
754 2414 784 2445 Si
800 2414 926 2446 Nicolai
944 2414 1090 2446 Patavie.
1128 2414 1300 2446 Udalricus
1316 2414 1531 2446 marschalich
1554 2424 1596 2445 ex
1612 2413 1812 2456 Stanbsperg
1831 2417 1863 2445 et
1879 2413 2018 2446 Totzen-

666 2466 763 2507 pach,
792 2467 847 2497 cfr.
870 2477 897 2498 n.
945 2466 1094 2498 Andreas
1117 2466 1266 2498 Dietmar
1290 2466 1331 2498 de
1354 2465 1542 2508 Newburga
1565 2465 1739 2498 Glaustrali
1762 2465 1832 2507 pbr.
1854 2468 1887 2496 et
1910 2464 1967 2496 cfr.
1987 2475 2018 2496 n.

460 2587 483 2619 ²³)
502 2587 603 2612 Nomen
621 2587 668 2612 hoc
682 2595 767 2619 paene
785 2596 896 2612 erasum.
1002 2587 1026 2620 b)
1047 2587 1109 2613 Ood.
1215 2587 1238 2619 0)
1256 2588 1394 2613 Praecedit
1409 2588 1479 2612 locun
1496 2595 1573 2612 rasus
1591 2587 1757 2619 complectens
1775 2586 1886 2619 epatium
1904 2586 2018 2612 duarum

355 2631 407 2656 line
408 2639 492 2655 aaaaaa
585 2628 610 2663 d)
631 2629 753 2662 Sequitur
770 2634 833 2655 ποια,
851 2639 936 2656 erasa.
1032 2630 1054 2663 ⁶)
1075 2630 1188 2663 Sequana
1206 2631 1282 2656 huius
1299 2635 1375 2656 notae
1388 2639 1457 2663 pars
1474 2638 1553 2662 usque
1570 2630 1597 2655 in
1615 2630 1707 2655 Stencz
1725 2637 1806 2659 supra
1825 2630 1909 2655 locum
1928 2637 2017 2655 rasum

355 2673 459 2706 scripta.
564 2672 584 2704 s)
603 2672 766 2698 Praecedens
784 2677 846 2698 nota
864 2673 949 2698 colore
967 2673 1046 2699 rubro
1065 2674 1169 2706 scripta.
1275 2672 1301 2705 Ε)
1323 2673 1435 2706 Oorriq..·
1453 2673 1549 2698 Stentz.
2004 2671 2008 2674 ⁴

1135 2720 1145 2734 Ι

462 2749 482 2782 ¹)
501 2747 578 2775 Fo‘rt.
593 2748 724 2782 Georgius
742 2749 802 2775 III.
808 2769 815 2782 ‚
841 2749 888 2782 qui
907 2753 986 2782 1494,
1013 2750 1060 2776 sed
1078 2750 1149 2783 Sept.
1165 2754 1195 2776 12
1203 2749 1242 2784 (2)
1260 2749 1299 2776 ob.
1305 2759 1315 2782 ,·
1339 2749 1375 2782 cf.
1393 2749 1432 2776 ad
1448 2748 1518 2775 Nov.
1532 2751 1570 2775 13.
1677 2749 1697 2781 ²)
1717 2750 1896 2780 1453—1493‚
1921 2746 1953 2774 de
1974 2746 2019 2774 die

356 2792 441 2818 obitus
459 2792 626 2819 dissentiunt.
733 2793 754 2825 ³)
771 2791 898 2824 Stefamcs
917 2801 934 2818 α
952 2792 1119 2819 Landskron
1140 2796 1314 2820 1458—1477.
1421 2793 1442 2826 ⁴)
1462 2791 1556 2818 Simon
1574 2791 1599 2819 I.
1619 2794 1790 2818 1442-1451.
