2150 3178
354 609 918 670 MONUMENTA
959 608 1563 669 NEOROLOGICA

445 699 970 759 MONASTERII
1011 699 1477 759 SCOTORUM

601 789 1314 850 VINDOBONENSIS.

236 915 451 960 Mnasterii
465 926 627 959 Scotorum
642 926 838 964 celeberrimi,
854 926 938 966 quod
951 937 981 958 a.
994 927 1079 958 1158
1094 926 1270 959 Heinricus
1285 927 1313 959 I.
1328 927 1396 959 dux
1407 927 1570 966 Austriae‚
1586 927 1789 968 Iasomirgott

131 979 309 1020 cognomine
323 978 509 1019 appellatus,
533 977 695 1010 monachis
714 988 738 1009 s.
751 977 919 1010 Benedicti
940 978 1081 1019 regulam
1089 979 1323 1018 profitentibus,
1343 989 1382 1011 em
1396 979 1555 1011 Hibernia
1569 981 1664 1019 atque
1680 979 1788 1012 Scotia

131 1031 222 1070 ortis,
250 1030 450 1062 Vindobonae
470 1029 634 1070 fundavit,
663 1029 759 1061 medii
780 1030 850 1061 aevi
870 1029 1046 1071 necrologia
1066 1040 1153 1062 nunc
1174 1041 1252 1062 sane
1273 1031 1407 1071 reperiri
1429 1033 1588 1071 nequeunt
1610 1030 1664 1072 (cfi
1681 1031 1787 1063 Neues

131 1082 251 1115 Archiv
273 1081 416 1120 XXXV,
435 1081 520 1123 735).

236 1134 266 1166 1.
289 1133 417 1166 Nostris
439 1135 565 1164 tantum
587 1135 690 1164 exstat
713 1132 821 1164 diebus
842 1132 1002 1173 eoeempZar
1024 1144 1044 1165 a
1067 1134 1233 1166 memoriae
1255 1134 1443 1166 venerabilis
1457 1134 1525 1166 viro
1541 1134 1579 1166 P.
1595 1134 1789 1174 Hieronymo

132 1185 236 1227 Pezio,
258 1185 408 1218 monacho
429 1184 616 1224 Mellicensi,
640 1185 724 1226 typis
745 1185 937 1224 exscriptum
959 1185 1151 1226 (Scriptores
1172 1196 1279 1218 rerum
1294 1186 1544 1218 Austriacarum
1559 1186 1588 1224 1,
1605 1186 1668 1217 700
1683 1186 1788 1225 seqq),

130 1247 192 1277 quo
217 1237 284 1277 ip⁸e
312 1236 523 1277 necrologium
550 1236 586 1268 in
613 1237 750 1268 coenobii
771 1236 1043 1269 Mariaecellensis
1069 1247 1156 1269 nunc
1181 1237 1301 1269 sublati
1330 1237 1512 1270 bibliotheca
1533 1237 1693 1278 quondam
1716 1246 1788 1268 con-

131 1291 288 1321 servatum
307 1288 456 1329 vulgavit.
497 1287 598 1320 Cuius
619 1289 656 1320 in
666 1289 824 1328 prooemio
839 1291 951 1320 auctor
967 1289 1133 1330 necrologii
1148 1289 1311 1322 Scotorum
1326 1290 1460 1322 codicem
1475 1289 1610 1321 alterum
1630 1289 1666 1321 in
1681 1288 1788 1320 biblio-

131 1340 220 1372 theca
235 1350 383 1372 caesarea
402 1339 632 1373 Vindobonensi
647 1341 815 1378 asservari,
839 1343 876 1372 ut
898 1351 969 1372 eum
985 1340 1023 1372 P.
1036 1340 1226 1373 Bernardus
1242 1341 1358 1373 Peeius
1371 1350 1541 1382 germanus
1558 1341 1628 1373 eius
1643 1343 1728 1372 certa
1749 1350 1789 1371 ea:

130 1392 222 1431 fama
250 1392 385 1430 edocuit,
414 1391 599 1423 mentionem
625 1392 734 1431 infert.
785 1391 847 1424 Sed
875 1393 941 1424 iam
969 1392 1008 1424 ab
1035 1395 1163 1424 auctore
1188 1393 1268 1424 satis
1289 1393 1400 1432 priore
1427 1392 1569 1424 Iohanne
1591 1391 1731 1424 Raschio
1757 1402 1788 1423 a.

129 1444 256 1476 circiter
279 1444 363 1476 1584
383 1445 547 1477 Scotorum
569 1443 779 1484 necrologium
801 1454 839 1475 ex
861 1444 997 1484 quodam
1020 1444 1120 1476 codice
1142 1454 1249 1476 eorum
1268 1444 1390 1484 publici
1412 1445 1496 1476 iuris
1517 1444 1636 1483 factum
1657 1446 1711 1482 est,
1736 1444 1788 1474 eui

130 1496 263 1529 editioni
290 1497 421 1529 titulus:
449 1496 660 1536 „Mortilogus
686 1495 820 1536 capituli
842 1495 1002 1528 Scotensis
1023 1499 1052 1528 et
1074 1496 1288 1528 anniversarii
1310 1495 1544 1528 monasterialis
1570 1494 1787 1527 calendarium

130 1548 372 1591 defunctorum“
387 1549 590 1589 praefigitur,
613 1557 749 1588 quacum
771 1547 861 1579 Peeii
883 1547 1049 1579 editionem
1067 1547 1138 1589 fere
1159 1550 1257 1579 totam
1280 1557 1450 1588 congruere
1471 1557 1559 1579 nemo
1581 1547 1688 1579 nescit.

234 1599 405 1632 Praeterea
435 1600 516 1632 duae
542 1599 708 1639 necrologii
734 1599 928 1631 recensiones
959 1599 995 1631 in
1025 1599 1122 1631 huius
1148 1599 1286 1631 coenobii
1313 1599 1471 1631 tabulario
1498 1599 1654 1636 conditae,
1686 1597 1787 1629 altera

129 1662 209 1683 saec.
223 1653 284 1690 17„
307 1651 408 1683 altera
429 1661 510 1684 saec.
523 1652 574 1683 18.
592 1651 733 1691 confecta
755 1661 841 1682 nunc
863 1653 998 1689 exstant,
1021 1661 1102 1691 quae
1123 1650 1248 1682 nullius
1270 1652 1336 1690 sere
1353 1651 1500 1683 momenti
1515 1653 1619 1682 tamen
1634 1649 1787 1682 censenda

129 1705 216 1742 sunt,
234 1703 424 1743 praesertim
446 1713 516 1735 cum
538 1703 685 1735 abbatum
708 1703 894 1735 monasterii
916 1703 1015 1734 medio
1038 1713 1111 1734 aevo
1133 1702 1355 1741 defunctorum
1374 1705 1499 1734 tantum
1514 1702 1645 1734 nomina
1666 1704 1695 1733 et
1717 1701 1787 1741 qui-

131 1754 200 1786 dem
224 1754 525 1786 commemorationis
547 1764 645 1786 causa
667 1754 770 1786 obitus
792 1755 916 1786 dierum
939 1755 1063 1786 ratione
1085 1755 1270 1795 neutiquam
1292 1754 1401 1787 habita
1423 1755 1579 1793 inscripta
1600 1756 1684 1792 sunt,
1707 1763 1787 1793 qua-

126 1808 257 1847 propter
278 1805 352 1838 illas
368 1805 468 1846 plane
490 1805 612 1846 negleoei
633 1808 727 1846 atque
750 1806 839 1838 Pezii
861 1806 1027 1838 editionem
1049 1806 1100 1837 hic
1121 1807 1241 1846 repetii.

232 1858 263 1889 2.
291 1857 395 1889 Notas
423 1867 543 1898 quoque
572 1857 779 1898 necrologicas
805 1867 885 1890 saec.
907 1858 973 1896 15.,
1004 1858 1090 1889 circa
1117 1868 1147 1889 a.
1169 1857 1255 1889 1468
1281 1857 1468 1897 descriptas,
1495 1867 1576 1897 quas
1602 1856 1697 1888 codex
1722 1855 1786 1886 405

130 1907 294 1940 Scotorum
317 1907 516 1940 bibliothecae
538 1908 785 1941 Vindobonensis
806 1908 1006 1947 chartaceus,
1031 1908 1081 1947 55,
1108 1908 1147 1948 G,
1171 1910 1213 1940 16
1234 1909 1387 1949 signatus,
1410 1919 1489 1941 saec.
1507 1908 1557 1940 15.
1582 1909 1713 1940 exeunte
1735 1907 1787 1938 de-

129 1960 270 1999 scriptus
291 1960 327 1991 in
349 1959 435 1998 foliis
458 1960 660 1992 99b—-101a
682 1961 827 1999 continet,
850 1960 900 1992 hic
917 1961 1061 2001 primum
1083 1963 1235 1993 exaratas
1255 1961 1378 1993 addidi.

235 2011 264 2042 3.
297 2010 498 2043 Oblationum
527 2014 556 2043 et
578 2012 871 2044 anniversariorum
893 2013 1078 2044 monasterii
1100 2012 1262 2045 Scotorum
1292 2012 1369 2044 liber
1390 2012 1491 2044 codice
1513 2011 1645 2043 maioris
1666 2011 1787 2049 formae

128 2063 361 2094 membranaceo
389 2063 425 2094 in
452 2063 590 2095 eiusdem
617 2064 801 2095 monasterii
826 2063 985 2096 tabulario
1010 2064 1169 2096 recondito
1195 2065 1385 2102 continetur,
1414 2064 1472 2104 qui
1497 2074 1535 2095 eoe
1557 2066 1653 2103 parte
1679 2062 1787 2094 vitiose

128 2113 227 2152 „liber
252 2114 481 2154 fundationum
511 2114 730 2155 antiquiorum
759 2118 788 2147 et
818 2115 1071 2157 benefactorum“
1101 2115 1287 2155 inscriptus,
1321 2115 1445 2147 saeculo
1472 2115 1523 2146 15.
1551 2117 1703 2146 exaratus
1731 2116 1787 2146 est.

129 2165 196 2197 Hic
218 2165 303 2204 liber,
325 2166 382 2206 qui
404 2165 510 2199 Scrin.
527 2167 591 2197 103
613 2166 673 2198 Nr.
688 2169 708 2198 1
730 2167 876 2207 signatus
898 2170 951 2206 est,
975 2167 1075 2199 medio
1097 2166 1221 2199 saeculo
1245 2168 1296 2198 15.
1320 2172 1341 2198 a
1357 2167 1509 2207 pluribus
1531 2166 1674 2199 librariis
1695 2166 1788 2198 iussu

129 2217 288 2249 Iohannis
311 2217 479 2249 Scotorum
500 2218 624 2250 abbatis
646 2219 832 2258 compositus
847 2219 979 2259 paginis
1001 2219 1128 2250 35—51
1148 2218 1350 2260 privilegium
1365 2219 1514 2250 Narcissi
1536 2218 1579 2250 ad
1601 2218 1635 2251 S.
1653 2218 1785 2258 Stepha-

131 2279 210 2300 num
241 2269 386 2301 canonici
417 2269 652 2310 notationesque
680 2270 923 2310 comprehendit,
956 2281 1038 2311 quae
1065 2271 1360 2303 anniversariorum
1388 2270 1594 2310 fundationes
1624 2270 1787 2310 hucusque

127 2321 233 2359 factas
261 2320 502 2360 descripserunt.
559 2321 746 2354 Notationes
776 2332 846 2354 vero
871 2323 1066 2362 praeprimis
1096 2333 1117 2353 a
1146 2322 1294 2354 Martino
1323 2322 1484 2355 Scotorum
1513 2322 1622 2354 abbate
1651 2321 1787 2362 aliisque

128 2370 272 2403 librariis
293 2381 392 2412 usque
413 2372 457 2404 ad
478 2371 598 2404 saeculi
622 2372 673 2404 15.
697 2373 816 2405 exitum
839 2374 1042 2406 continuatae
1063 2377 1148 2406 sunt.
1197 2374 1293 2414 Quem
1316 2373 1431 2406 librum
1453 2373 1612 2414 quondam
1633 2372 1786 2413 Georgius

128 2422 268 2463 Zappert
295 2433 334 2455 ex
353 2426 450 2463 parte
473 2425 601 2464 primus
627 2425 661 2456 in
688 2424 787 2456 lucem
809 2425 908 2457 edidit
931 2425 988 2467 (cf.
1007 2425 1289 2466 Siteungsberichte
1312 2425 1367 2456 der
1387 2425 1514 2457 Wiener
1536 2424 1709 2456 Akademie
1731 2424 1787 2456 der

137 2473 323 2506 Wissensch.
340 2475 444 2513 XIII,
461 2486 497 2515 p.
514 2476 664 2507 97—118
686 2470 796 2515 „Uber
811 2477 870 2508 das
885 2477 1058 2518 Fragment
1074 2477 1159 2509 eines
1181 2477 1277 2509 Liber
1299 2477 1461 2518 dativus“)
1484 2479 1578 2516 atque
1600 2475 1691 2507 illum
1713 2485 1783 2508 con-

129 2526 338 2558 tinuationem
357 2527 523 2559 cuiusdam
539 2527 612 2559 libri
626 2528 728 2560 dativi
742 2528 864 2560 saeculo
881 2528 932 2560 12.
949 2532 1009 2560 aut
1024 2528 1218 2561 13.'e5carati
1233 2539 1296 2560 esse
1311 2529 1442 2566 censuit,
1467 2528 1558 2560 cuius
1573 2528 1785 2568 fragmentum

127 2576 250 2608 saeculo
267 2577 317 2608 15.
335 2577 524 2618 descriptum
547 2588 579 2611 se
598 2579 800 2620 investigasse
820 2579 986 2622 professus
1007 2583 1061 2612 est.
1106 2581 1151 2612 At
1169 2580 1302 2613 Carolus
1324 2580 1436 2613 Uhlire
1457 2579 1540 2611 hanc
1563 2579 1728 2611 editionem
1751 2590 1785 2610 re

128 2627 292 2668 diligenter
314 2639 472 2670 perpensa
501 2631 733 2663 commentariis
762 2632 831 2663 suis
858 2632 979 2663 criticis
1010 2632 1136 2674 (Gesch.
1160 2632 1215 2664 der
1246 2631 1339 2664 Stadt
1364 2631 1457 2664 Wien
1483 2631 1533 2668 II,
1553 2632 1583 2669 2,
1604 2631 1668 2662 592
1694 2640 1726 2663 n.
1749 2631 1784 2672 1)

127 2689 294 2719 aggressus
315 2683 360 2712 est
382 2683 475 2722 atque
498 2682 628 2714 eundem
651 2685 809 2715 auctorem
831 2683 886 2715 hoc
907 2682 1121 2724 fragmentum
1143 2683 1338 2715 adulterasse
1361 2685 1528 2714 asseverat.

238 2731 279 2764 Ut
308 2732 513 2764 librariorum
541 2733 735 2766 diversorum
766 2745 881 2767 manus
912 2736 947 2767 in
974 2735 1108 2768 editione
1133 2735 1352 2773 discernerem,
1385 2744 1467 2774 quae
1483 2734 1611 2774 primus
1633 2734 1786 2766 librarius

126 2782 270 2822 scripsit,
303 2783 417 2815 litteris
451 2784 637 2824 maioribus,
671 2786 924 2818 continuationes
956 2797 1026 2819 vero
1054 2787 1258 2819 librariorum
1289 2786 1451 2818 variorum
1481 2788 1641 2827 sequentes
1672 2785 1786 2817 litteris

130 2833 306 2867 maioribus
326 2835 418 2868 uncis
439 2835 573 2868 inclusis
595 2837 678 2877 typis
700 2838 810 2869 curavi
831 2838 1058 2870 exscribendas.
