2150 3178
412 778 804 838 ROTULUS
847 778 960 837 NE
970 779 1075 837 CR
1083 778 1245 839 OLO
1255 780 1503 839 GICUS

306 872 709 932 COENOBII
748 873 1162 932 FRATRUM
1203 872 1619 963 MINORUM

194 967 865 1027 OBSERVANTIUM
906 968 957 1026 E
970 967 1028 1027 G
1039 967 1664 1027 GENBURGENSI
1675 968 1732 1027 S.

234 1108 409 1154 Fratrum
424 1121 591 1153 Minorum
606 1132 631 1153 s.
648 1121 821 1153 Francisci
842 1121 981 1162 regulam
997 1121 1214 1161 professorum
1236 1121 1405 1153 strictioris
1427 1121 1640 1154 observantiae
1655 1121 1789 1154 claustri

131 1173 401 1215 Eyqenburyensis
428 1173 463 1205 in
491 1173 632 1204 Austria
653 1173 806 1212 inferiore
832 1173 901 1212 siti,
929 1173 1012 1213 quod
1039 1172 1177 1205 eiusdem
1205 1173 1314 1213 oppidi
1341 1173 1456 1204 civium
1480 1172 1668 1205 liberalitate
1694 1176 1788 1214 atque

103 1221 106 1223 ’
131 1225 352 1265 munificentia
382 1224 468 1256 circa
494 1234 525 1256 a.
543 1225 628 1256 1460
652 1223 831 1265 fundatum
858 1234 895 1256 ac
924 1224 1067 1256 dotatum
1093 1227 1122 1256 et
1147 1234 1178 1256 a.
1202 1225 1287 1255 1466
1315 1226 1531 1256 consecratum
1563 1227 1621 1264 est,
1655 1225 1788 1257 annales

91 2229 116 2249 10

93 2547 116 2566 15

90 2760 116 2780 20

133 1276 316 1317 necroloyici
337 1275 440 1308 rotulo
463 1276 600 1316 quodam
614 1276 847 1309 membranaceo
862 1276 1010 1315 contenti,
1033 1276 1090 1317 qui
1111 1276 1222 1308 hastae
1244 1277 1389 1308 auctione
1412 1277 1495 1308 brevi
1517 1276 1631 1308 abhinc
1654 1280 1788 1318 tempore

132 1328 304 1360 constituta
326 1327 472 1359 venditus
495 1330 590 1367 atque
606 1328 771 1367 privatam
794 1328 830 1359 in
845 1328 1013 1359 cuiusdam
1035 1328 1136 1369 iynoti
1157 1338 1222 1360 rem
1238 1330 1421 1360 transactus
1443 1331 1496 1366 est,
1519 1328 1571 1360 his
1592 1327 1691 1360 latent
1713 1331 1787 1361 tem-

126 1379 268 1420 poribus.
309 1379 372 1420 Qui
390 1379 516 1411 rotulus
537 1379 624 1411 circa
646 1389 676 1411 a.
693 1379 779 1411 1583
801 1380 837 1411 in
857 1379 998 1411 coenobio
1013 1379 1269 1420 Eyyenburyensi
1287 1380 1458 1411 institutus
1479 1380 1564 1411 notis
1586 1380 1626 1412 ab
1648 1381 1788 1412 auctoris

131 1441 232 1463 manu
261 1441 300 1463 ex
326 1430 497 1472 necroloyio
525 1431 661 1471 quodam
690 1432 870 1471 antiquiore
897 1441 983 1463 nunc
1011 1432 1128 1463 amisso
1156 1434 1216 1463 aut
1242 1431 1358 1463 latente
1391 1431 1557 1471 descriptis
1584 1430 1718 1463 annales
1747 1432 1787 1463 ab

131 1493 163 1515 a.
179 1483 263 1514 1491
287 1493 387 1523 usque
408 1493 438 1514 a.
456 1483 541 1514 1583
567 1483 793 1525 complectitur,
820 1493 898 1523 quos
920 1483 968 1515 vir
990 1483 1188 1515 clarissimus
1209 1483 1316 1515 doctor
1341 1482 1439 1515 Oscar
1461 1483 1537 1515 baro
1559 1493 1580 1514 a
1602 1482 1699 1515 Mitis
1721 1483 1787 1515 iam

127 1534 223 1577 prius
244 1544 369 1566 summa
391 1534 558 1575 exscripsit
578 1535 751 1567 industria.
795 1535 845 1567 Eo
867 1535 1039 1577 exemplari
1060 1535 1119 1567 hac
1140 1535 1177 1567 in
1198 1535 1341 1574 editione,
1365 1545 1430 1575 qua
1452 1534 1487 1566 hi
1501 1534 1634 1566 annales
1643 1535 1786 1574 primum

131 1585 311 1627 vacuantur,
335 1596 414 1618 usus
435 1596 515 1618 sum.

239 1637 352 1670 Oscari
373 1638 484 1670 baroni
505 1648 526 1669 a
545 1637 650 1677 Mitis,
672 1638 773 1670 amico
795 1648 860 1670 meo
875 1638 1078 1678 praed-ilecto,
1101 1638 1157 1678 qui
1180 1638 1234 1670 hoo
1256 1637 1415 1678 exemplar
1437 1637 1515 1669 mihi
1532 1640 1713 1678 promptum
1735 1648 1787 1670 ex-

126 1689 330 1730 positumque
347 1689 505 1730 praebuit,
528 1689 663 1722 multum
685 1700 732 1722 me
755 1689 860 1722 debere
883 1691 989 1722 animo
1006 1690 1157 1730 profiteor
1180 1689 1287 1722 libenti
1309 1692 1403 1730 atque
1423 1689 1565 1729 proclivi.

238 1835 297 1870 Ego
317 1844 344 1870 p.
357 1834 519 1862 Ambrosius
538 1835 571 1863 de
583 1834 720 1870 Supronio
738 1835 803 1863 veni
820 1835 856 1862 ad
869 1834 994 1862 ordinem
1012 1835 1042 1862 in
1055 1835 1252 1870 Egenburga²)
1272 1835 1338 1861 1491
1358 1837 1387 1862 et
1403 1834 1538 1869 descripsi
1557 1832 1606 1869 pess'
1614 1834 1788 1868 decedentes,

133 1878 237 1912 intest)
260 1885 329 1912 quos
352 1878 458 1912 primus
480 1878 536 1906 fuit
558 1878 606 1905 (εὴ.
619 1878 745 1906 Clemens
768 1887 836 1910 sam,
861 1887 934 1913 mag.
952 1878 1058 1906 arcium
1076 1878 1208 1911 Wienne,
1235 1878 1283 1905 cfr.
1297 1878 1440 1905 Crisantus
1461 1886 1515 1905 sac.
1533 1877 1563 1904 in
1582 1877 1753 1905 Enczestarff
1758 1880 1787 1912 ²),

133 1922 181 1949 cfr.
195 1921 363 1949 Benedictus
381 1921 400 1948 1.
413 1921 545 1954 Wienne,
570 1922 617 1948 cfr.
632 1920 807 1948 Cristofferus
825 1921 844 1948 1.
857 1923 948 1949 sartor
966 1921 995 1948 in
1013 1921 1147 1948 Paradiso
1155 1922 1191 1956 ⁸),
1217 1921 1264 1948 cfr.
1277 1921 1402 1956 Angelus
1421 1929 1475 1948 sac.
1488 1921 1572 1948 Sacer
1590 1921 1749 1956 Newburge
1758 1922 1788 1955 ⁴),

133 1965 182 1992 cfr.
200 1963 305 1991 Ieorins
326 1963 344 1990 l.
361 1963 485 1992 Schrettl
510 1963 540 1991 in
558 1964 739 1997 Enczestorff,
767 1964 815 1991 cfr.
833 1964 1011 1992 Bemhardus
1033 1964 1052 1991 l.
1070 1964 1150 1992 faber
1171 1964 1200 1991 in
1219 1964 1297 1991 Lews
1307 1965 1340 1998 ⁵),
1369 1964 1416 1991 cfr.
1430 1963 1579 1999 Gregorius
1601 1972 1669 1996 sae„
1697 1963 1787 1998 predi-

133 2009 212 2035 cator
229 2006 356 2034 Wienne.

237 2051 269 2077 A.
283 2050 309 2077 d.
323 2049 402 2076 1493:
421 2049 470 2076 cfr.
483 2048 600 2076 Iacobus
618 2058 672 2076 sac.
685 2049 868 2084 Iudenburge.

236 2093 268 2119 A.
282 2092 308 2119 d.
321 2092 401 2119 1494:
421 2092 469 2120 cfr.
483 2092 611 2120 Ceam-ius
629 2101 683 2119 sao.
697 2092 725 2119 in
744 2092 831 2124 Laws,
857 2092 905 2119 cfr.
917 2092 1041 2119 Masseus
1059 2092 1078 2119 l.
1090 2091 1120 2118 in
1138 2091 1280 2126 Pupping,
1305 2091 1352 2119 cfr.
1366 2091 1508 2118 Conradus
1527 2092 1544 2119 l.
1562 2092 1591 2118 in
1611 2092 1786 2127 Egenburga,

133 2136 182 2163 cfr.
193 2135 381 2171 Wolfgangus
398 2143 454 2162 sac.
467 2135 496 2162 in
510 2135 686 2170 Egenburga,
705 2135 754 2162 cfr.
768 2135 867 2170 Ioseph
883 2135 901 2162 1.
915 2135 1099 2170 Iudenburge,
1118 2135 1166 2162 cfr.
1180 2134 1315 2162 Nicolaus
1331 2143 1386 2162 sao.
1399 2134 1429 2161 in
1442 2134 1561 2167 Labaco,
1579 2134 1641 2170 pbr.
1653 2135 1786 2167 Andreas,

133 2179 181 2213 qui
204 2179 261 2205 fuit
284 2178 337 2205 vie.
349 2177 480 2211 Wienne,
509 2179 556 2205 cfr.
569 2177 648 2205 Felix
667 2178 685 2205 l.
705 2178 734 2204 in
746 2178 895 2214 Velsperg‚
925 2178 973 2205 cfr.
986 2178 1128 2205 Marianus
1150 2186 1205 2205 sac.
1218 2178 1352 2210 Wienne,
1381 2178 1429 2205 cfr.
1442 2177 1572 2212 Raphael
1589 2186 1645 2205 sac.
1658 2177 1786 2210 Wienne,

134 2222 183 2250 cfr.
196 2221 286 2248 Iorius
304 2221 338 2248 de
350 2222 495 2248 Amsteten
515 2230 570 2248 sae.
582 2221 611 2248 in
630 2221 742 2254 Graeez,
761 2221 810 2249 cfr.
822 2221 985 2248 Franciseus
1003 2230 1059 2248 sac.
1072 2221 1198 2253 Wienne‚
1218 2221 1267 2248 cfr.
1280 2221 1384 2248 Ieorius
1403 2221 1516 2248 Staehel
1535 2221 1554 2248 l.
1567 2220 1597 2248 in
1616 2220 1648 2248 S⁰
1661 2220 1786 2255 Ypolsto,

133 2266 181 2292 est,
194 2264 395 2335 Angllldlllsslss:
411 2307 458 2334 cfr.
469 2306 610 2342 Seyfridus
624 2315 679 2334 sac.
689 2306 818 2339 Wienne,
838 2307 886 2334 cfr.
896 2306 951 2333 Leo
964 2315 1020 2334 suc.
1032 2306 1214 2341 Iudenburge,
1235 2307 1283 2333 cfr.
1294 2306 1361 2333 Otto
1375 2306 1439 2333 cler.
1450 2305 1577 2339 Wienne,
1597 2306 1645 2334 cfr.
1655 2307 1787 2335 Albertus

134 2359 190 2378 sac.
202 2350 232 2378 in
244 2351 332 2384 Lews,
351 2349 398 2377 cfr.
411 2349 568 2385 Leopoldus
586 2349 605 2376 Ι.
616 2349 744 2382 Wienne,
763 2350 811 2376 cfr.
824 2349 973 2376 Udalricus
985 2349 1119 2376 Schaerer
1135 2358 1198 2381 sac„
1217 2358 1289 2384 mag.
1304 2349 1410 2376 arcium
1423 2349 1551 2382 Wienne‚
1570 2349 1618 2376 eft.
1631 2350 1755 2377 Masseus
1768 2350 1786 2377 1.

235 2463 259 2497 ὃ)
277 2465 316 2490 int
332 2464 388 2489 cod.

241 2540 261 2573 ¹)
281 2539 439 2566 claustrum
457 2539 679 2574 Eyyenburyense
699 2547 719 2566 s,
737 2540 847 2567 Mariae
870 2549 888 2566 a
909 2539 1075 2566 Candelariis
1096 2539 1248 2566 dedicatum
1272 2539 1343 2566 circa
1366 2548 1391 2566 a.
1407 2542 1477 2566 1460
1498 2547 1515 2565 a
1538 2540 1614 2573 fribus
1630 2538 1787 2566 Minoribus

134 2582 272 2609 conditum
296 2590 348 2609 esse
370 2590 511 2609 censemus.
617 2583 638 2615 ²)
659 2582 810 2610 Conventus
827 2590 847 2610 s.
860 2582 971 2610 Mariae
989 2582 1169 2617 Maqdaleme
1190 2581 1326 2608 dedicatus
1344 2581 1578 2614 Enzersdorfensis
1595 2582 1722 2608 Ans-triae
1740 2582 1787 2608 In-

134 2626 243 2660 ferioris
261 2633 287 2651 a.
300 2629 366 2652 1454
384 2625 418 2652 ab
434 2625 558 2652 Udalrico
575 2626 664 2652 comite
684 2625 766 2652 Ciliae
783 2626 906 2653 conditus
923 2629 968 2653 est.
1074 2626 1095 2659 ³)
1115 2625 1271 2652 claustrum
1290 2633 1309 2652 s.
1321 2624 1432 2652 Mariae
1449 2625 1480 2651 in
1492 2624 1635 2659 Paradyso
1652 2625 1683 2651 in
1700 2624 1787 2651 media

133 2669 202 2695 silva
225 2667 419 2695 Vindobonensi
442 2677 460 2694 a
482 2668 606 2696 Iohanne
632 2668 793 2702 Capistrano
819 2669 877 2703 ipso
901 2669 1051 2703 incoeptum
1077 2668 1184 2695 Gabriel
1208 2668 1240 2695 de
1263 2668 1368 2695 Verona
1393 2676 1452 2695 cum
1476 2667 1608 2700 fratribus
1633 2667 1787 2694 Minorzbus

135 2712 265 2739 introivit.
302 2712 385 2738 Anno
403 2714 468 2739 1529
490 2720 508 2738 a
531 2711 626 2739 Turcis
643 2712 698 2739 solo
716 2714 857 2745 aequatum
875 2714 919 2739 est.
1024 2712 1046 2745 ⁴)
1067 2711 1224 2738 claustrum
1243 2711 1543 2745 Glaustroneoburqense
1561 2710 1626 2744 frum
1644 2711 1786 2737 Minorum

134 2764 159 2781 α.
174 2758 238 2781 1451
262 2763 280 2781 a
298 2754 419 2781 Joharme
440 2754 602 2788 Capistrarw
619 2755 678 2789 ipso
695 2755 851 2788 praeposito
868 2754 1016 2788 nimbusque
1033 2754 1226 2781 adiuvantibus
1244 2754 1381 2781 conditum
1403 2756 1446 2781 est.
1553 2754 1573 2787 ⁶)
1595 2753 1734 2780 Cenoln'um
1755 2754 1786 2780 in

133 2797 299 2832 Lanqenlois
317 2798 388 2824 circa
407 2806 431 2824 a.
446 2801 511 2824 1455
528 2797 676 2831 primordia
694 2798 782 2825 duaeit.
