2150 3178
316 184 338 215 4
643 179 886 209 MONUMENTA
904 179 1165 208 NECROLOGICA
1184 179 1675 209 CLAUSTBONEOBURGENSIA.

317 271 414 302 notas
434 279 506 302 vero
529 280 610 302 saec.
624 269 674 301 15.
690 269 726 301 in
742 267 775 300 B
798 267 914 300 litteris
935 268 1112 301 maioribus
1133 268 1301 301 internovi-
1345 267 1501 301 Auctoris
1521 278 1594 301 oero
1615 267 1785 310 necroloqii
1803 267 1831 302 0
1846 267 1994 301 saec.15.

318 331 452 354 manum
474 320 590 353 litteris
611 320 802 359 maioribus,
831 322 925 352 notas
953 321 1102 353 sacc.15.
1125 320 1163 353 in
1188 319 1216 354 0
1234 319 1377 362 reliquas
1399 319 1516 353 litteris
1537 319 1713 354 maioribus
1734 320 1828 353 uncis
1850 319 1994 360 inclusis,

318 376 413 406 notas
438 383 510 406 vero
540 383 621 406 saec.
640 373 691 405 16.
715 373 752 405 in
785 372 812 405 Ο
839 374 1017 412 contentas,
1049 372 1102 405 hic
1130 375 1258 405 tantum
1283 372 1414 406 selectas
1442 371 1559 406 litteris
1583 372 1721 406 minutis
1746 372 1889 406 dwcreoi.
1940 372 1997 406 Aa

321 425 487 458 columnae
514 425 670 466 cuiusque
695 423 864 466 nccroloyii
889 425 1059 466 utriusque
1085 424 1217 458 titulum
1243 427 1274 457 1.
1296 425 1441 464 fratrum
1469 434 1509 458 ac
1535 434 1695 466 sororum,
1724 425 1757 458 2.
1778 425 1996 465 [miliarium

322 477 408 520 typis
429 476 670 510 exscribendum
694 476 791 518 siyla:
814 476 845 510 1.
868 475 966 510 HS.
990 479 1020 510 et
1040 477 1073 510 2.
1095 476 1211 509 FAM.
1235 476 1379 511 adhibui.

428 530 510 562 Cum
533 529 641 562 doctor
655 528 886 574 Hartmannus
899 528 1011 570 Zeibiy
1024 528 1236 570 necroloyium
1250 529 1291 568 B,
1314 530 1409 562 cuius
1423 529 1598 573 exemplum
1619 529 1658 563 in
1672 529 1834 564 tabulario
1849 539 1996 564 caesareo

321 582 467 623 reyioque
487 581 721 614 Vindobonensi
735 581 785 622 (k.
801 591 835 613 u.
851 580 881 613 k.
897 580 1120 614 Staatsarchiv
1141 582 1178 614 in
1198 581 1306 624 Wien)
1328 581 1432 615 codice
1447 581 1601 616 Smitmer
1621 581 1706 622 99,5
1728 582 1852 624 signato
1873 591 1998 624 quoquc

321 635 504 666 continetur
524 634 670 675 quodque
691 633 826 666 minoris
847 633 997 666 momenti
1018 644 1083 666 csse
1105 633 1241 672 videtur,
1263 633 1450 676 necrologiis
1463 634 1496 668 A
1515 636 1613 676 atque
1631 634 1659 668 G
1678 634 1814 677 omiss-is,
1836 644 1918 676 quae
1939 644 1997 667 ceu

315 687 428 727 prima
450 679 593 727 exempla
614 685 750 719 maximi
771 686 921 718 momenti
942 685 1089 718 habenda
1109 688 1196 725 sunt,
1218 686 1255 718 in
1270 685 1370 719 lucem
1390 686 1501 726 edidit¹
1524 686 1668 719 maxima
1683 695 1791 719 eorum
1804 696 1884 727 pars
1897 695 1998 728 usque

321 738 427 771 adhuc
448 738 651 780 inexplorata
672 741 751 771 erat.

424 790 475 824 ΙΙ.
506 790 680 823 Praeterea
711 789 940 823 Hartmannus
968 789 1079 831 Zeibiq
1106 789 1302 823 oblationum
1331 792 1362 823 et
1390 789 1687 837 anniversariorum
1715 789 1814 823 huius
1843 789 1999 823 canoniae

319 842 424 883 libros,
443 843 502 884 qui
516 845 672 875 veticstate
686 845 782 902 atque
796 853 903 875 rerum
917 845 1104 884 aryumento
1119 842 1263 875 maa-ima
1271 842 1396 884 pollent
1410 832 1611 883 auctoritate,
1630 842 1759 876 silentio
1773 841 1998 883 dissimulavit,

321 896 380 936 qui
401 895 459 928 hoc
480 905 604 936 quoque
625 894 690 928 loco
707 894 852 936 primum
870 894 995 935 publici
1016 895 1103 926 iuris
1123 895 1219 935 fiunt.

427 948 456 980 1.
486 947 621 980 Librum
649 947 843 980 oblationum
871 950 901 979 et
929 946 1226 979 anniversariorum
1251 946 1517 988 antiquissimum
1543 946 1642 980 codex
1668 946 1746 987 625,
1774 946 1834 988 qui
1857 947 1998 980 eiusdem

323 1000 479 1033 canoniae
501 999 702 1032 bibliothecae
725 1002 780 1039 est,
802 999 991 1032 chartaceus
1011 998 1147 1031 minoris
1167 999 1291 1038 formae
1312 999 1357 1031 23
1378 998 1469 1038 foliis
1491 998 1717 1040 camphi-titur,
1739 1009 1834 1040 quem
1853 999 1999 1032 maxima

321 1052 488 1085 industria
508 1062 590 1085 saec.
610 1052 661 1084 14.
677 1054 811 1084 exeunte
832 1051 963 1084 institui
985 1053 1128 1091 coeptum
1149 1053 1180 1083 et
1201 1061 1223 1083 a
1237 1050 1340 1084 variis
1360 1060 1442 1084 saec.
1460 1051 1513 1085 14.
1531 1050 1739 1084 librariorum
1752 1051 1903 1084 manibus
1924 1061 1998 1084 con-

325 1105 489 1137 tinuatum
506 1104 652 1145 perbrevi
675 1105 707 1136 A
730 1102 862 1144 appello.

426 1157 457 1188 2.
482 1156 629 1188 Alterum
645 1156 840 1188 oblationum
856 1158 886 1187 et
900 1155 1197 1188 anniversariorum
1212 1154 1329 1188 libriun
1344 1155 1443 1188 codex
1457 1155 1592 1188 minoris
1605 1155 1729 1196 formae
1742 1155 1999 1188 membranaceus

321 1208 369 1248 B,
398 1208 584 1241 historische
606 1207 783 1241 Denkmale
805 1207 868 1242 Nr,
882 1208 940 1247 38,
971 1217 1052 1240 neue
1075 1206 1265 1248 Rapulatur
1285 1206 1340 1248 fol.
1357 1208 1424 1240 266
1444 1207 1592 1249 siynatus
1618 1207 1655 1241 in
1680 1207 1821 1241 eiusdem
1842 1207 1998 1247 canoniae

322 1260 484 1294 tabulario
510 1261 670 1302 repositus
690 1261 734 1293 25
763 1259 854 1300 soliis
879 1259 1126 1300 comprehendit,
1154 1260 1212 1300 qui
1237 1269 1318 1292 saec.
1339 1259 1392 1293 15.
1421 1260 1550 1293 ineante
1576 1270 1703 1293 summa
1728 1260 1826 1293 scribi
1853 1260 1999 1301 inceptus

322 1323 402 1345 cura
424 1314 584 1354 usquein
605 1323 688 1346 saec.
707 1315 756 1345 16.
782 1313 939 1345 deductus
960 1314 1016 1345 est.
1064 1312 1169 1345 Codex
1190 1311 1270 1352 solio
1293 1313 1344 1344 14.
1368 1311 1475 1345 evulso
1496 1314 1649 1353 exparte
1670 1311 1804 1345 mutilus
1824 1314 1880 1344 est.

432 1366 513 1399 Oum
535 1368 667 1406 uterque
689 1365 770 1397 liber
792 1375 979 1406 maynopere
1000 1365 1164 1406 dwerepet,
1185 1367 1360 1406 utrumque
1381 1364 1418 1397 in
1440 1374 1541 1397 unum
1562 1365 1733 1404 confusum
1755 1363 1834 1397 libro
1849 1364 1883 1397 Α.
1898 1373 1997 1406 prac-

323 1418 419 1451 misso
449 1418 501 1450 hic
523 1418 670 1459 primum
699 1417 835 1459 cotyaei.
889 1417 1030 1450 Manum
1060 1417 1203 1450 auctoris
1231 1417 1269 1450 in
1296 1416 1330 1449 Δ
1357 1426 1440 1450 saec.
1463 1416 1515 1450 14.
1543 1415 1660 1450 litteris
1691 1416 1868 1450 maioribus
1898 1415 2000 1450 latius

322 1471 500 1511 dispositis,
534 1473 687 1511 notasque
717 1479 798 1502 saec.
819 1470 870 1502 14.
902 1470 938 1502 in
964 1470 996 1502 A
1023 1468 1164 1510 reliquas
1191 1468 1308 1502 litteris
1335 1468 1511 1502 maioribus
1538 1468 1703 1510 dispositis
1730 1469 1825 1502 uncis
1853 1467 1998 1509 inclusis,

322 1523 466 1555 auctoris
487 1533 559 1555 vero
582 1523 618 1554 in
640 1522 672 1554 B
693 1522 844 1554 sacc.15.
868 1532 1001 1554 manum
1024 1521 1139 1554 litteris
1160 1521 1345 1560 maioribus,
1367 1521 1625 1554 continuationes
1645 1521 1796 1554 saec.15.
1815 1521 1852 1554 in
1870 1521 1904 1554 B
1924 1530 1998 1554 oon—

323 1578 427 1608 tentas
454 1575 570 1608 litteris
597 1574 772 1607 maioribus
799 1574 894 1607 uncis
915 1573 1062 1613 inclusis,
1091 1576 1184 1607 notas
1205 1584 1287 1607 saec.
1306 1574 1358 1606 16.
1382 1573 1419 1607 in
1439 1573 1475 1607 B
1494 1573 1639 1615 reliquas
1659 1573 1712 1607 hic
1732 1573 1862 1607 selectas
1883 1573 2000 1606 litteris

323 1628 460 1660 minutis
481 1627 726 1668 distinyuendas
748 1627 870 1659 curavi.

428 1679 500 1711 ΙΙΙ.
533 1678 637 1711 Notae
667 1679 800 1718 insuper
829 1677 1002 1710 nonnullae
1027 1677 1238 1720 nect-oloyicae
1263 1678 1406 1719 quinque
1435 1677 1576 1711 eiusdem
1605 1677 1808 1711 bibliothecae
1837 1678 1999 1712 codicibus

323 1731 555 1772 manuscriptis
588 1731 911 1772 comprehenduntur,
949 1740 1032 1771 quae
1066 1730 1118 1762 hic
1155 1730 1192 1762 in
1224 1740 1327 1762 unum
1360 1730 1514 1770 confusae
1540 1730 1688 1771 primum
1721 1740 1845 1772 quoque
1871 1729 1999 1772 publici

323 1784 409 1824 siunt
432 1784 526 1815 iuris.

430 1838 459 1868 1.
485 1835 531 1868 Et
553 1835 681 1876 quidem
704 1837 798 1867 notae
820 1834 938 1867 codicis
959 1835 1025 1866 967
1046 1834 1181 1867 minoris
1201 1834 1324 1874 formae
1346 1834 1587 1874 membranacei,
1617 1834 1672 1867 cui
1693 1833 1727 1867 A
1747 1844 1862 1867 nomen
1883 1834 1998 1874 adieci,

324 1887 414 1927 soliis
435 1888 531 1926 2—7,
555 1898 638 1928 quae
659 1886 879 1919 calendarium
902 1885 1160 1926 complectuntur,
1182 1886 1284 1919 medio
1307 1895 1388 1919 saec.
1406 1887 1458 1919 15.
1480 1886 1646 1928 appositae
1667 1888 1754 1918 sunt.

428 1940 460 1972 2.
487 1939 592 1972 Codex
618 1950 689 1972 vero
717 1940 780 1970 609
808 1938 943 1971 maioris
963 1937 1093 1980 formae
1113 1938 1386 1978 membranaceus,
1417 1939 1473 1971 cui
1493 1938 1526 1971 B
1547 1948 1660 1971 nomen
1682 1938 1768 1978 dedi,
1795 1938 1890 1981 foliis
1911 1939 2000 1972 3-8

325 1993 361 2025 in
384 1992 567 2024 calendario
591 1991 714 2023 missali
730 1991 908 2031 praemisso
929 1992 1023 2023 notas
1044 2001 1066 2022 a
1089 1989 1272 2033 Wolfyanyi
1294 1989 1494 2032 Wnthaqer,
1521 1989 1711 2023 celeberrimi
1732 1989 1938 2024 humani-stae
1958 2000 2000 2024 ac

325 2044 474 2077 canonici
500 2043 883 2084 Claustroneoburyensis,
907 2053 1006 2076 manu
1023 2046 1098 2085 post
1119 2043 1258 2076 medium
1280 2054 1363 2076 saec.
1380 2044 1432 2076 15.
1455 2043 1630 2084 meriptas
1652 2043 1800 2076 continet.

429 2098 460 2128 3.
489 2096 594 2129 Codex
607 2098 715 2128 autem
730 2096 816 2127 1191
840 2095 976 2128 minoris
997 2096 1120 2135 formae
1141 2095 1402 2128 membranaceus
1415 2095 1556 2128 eiusdem
1571 2094 1772 2128 bibliothecae
1786 2095 1875 2136 foliis
1889 2095 1999 2128 9—14

326 2150 362 2182 in
390 2149 573 2181 calendario
607 2148 764 2180 breviario
788 2148 967 2188 praemisso
999 2150 1093 2180 notas
1119 2150 1195 2189 post
1221 2148 1360 2181 medium
1387 2158 1470 2180 saec.
1492 2147 1543 2179 15.
1571 2146 1746 2187 inscriptas
1773 2146 1998 2188 complectitur,

327 2211 419 2242 quem
446 2199 474 2233 0
493 2200 631 2232 nomino.

431 2252 461 2283 4.
490 2251 595 2284 Codex
611 2252 675 2283 590
690 2252 830 2284 eiusdem
846 2251 1048 2284 bibliothecae
1060 2252 1198 2284 minoris
1211 2252 1340 2295 formae
1354 2251 1620 2290 membranaceus,
1642 2249 1678 2284 D
1699 2261 1722 2283 a
1742 2261 1791 2283 me
1804 2250 1998 2288 nominatus,

326 2303 415 2344 soliis
436 2305 523 2335 3-8
548 2303 768 2336 calendarium
790 2304 947 2336 breviario
962 2304 1179 2345 praemissum
1201 2305 1354 2344 continet,
1380 2305 1436 2336 cui
1460 2314 1530 2336 una
1556 2306 1684 2336 tantum
1705 2305 1783 2336 nota
1803 2301 1998 2344 necroloyica

328 2367 412 2390 saec.
428 2357 480 2389 15.
501 2359 636 2389 exeunte
658 2357 784 2389 adiecta
807 2360 863 2389 est.

390 2439 393 2441 μ
432 2410 462 2440 5.
490 2409 595 2442 Codex
611 2410 697 2440 1169
719 2409 853 2441 minoris
866 2410 990 2448 formae
1005 2409 1261 2442 membranaceus
1275 2409 1415 2442 eiusdem
1432 2407 1640 2446 bibliothecae,
1663 2406 1700 2439 E
1710 2417 1733 2439 a
1747 2417 1795 2439 me
1809 2404 1998 2448 appellatus,

325 2461 415 2503 foliis
438 2461 530 2492 1-6
556 2460 777 2493 calendarium
805 2461 960 2493 breviario
982 2462 1199 2501 praemissum
1225 2462 1377 2501 continet,
1406 2461 1443 2494 in
1469 2471 1532 2502 quo
1553 2462 1647 2493 notae
1667 2458 1825 2500 quaedam
1846 2467 1927 2490 saec.
1945 2457 1998 2492 16.

327 2514 457 2546 ineunte
481 2513 711 2545 inscribuntur.

433 2565 538 2598 Notas
564 2576 645 2598 saec.
667 2566 719 2597 15.
750 2565 790 2597 ab
815 2567 945 2597 auctore
971 2575 1131 2606 quoquam
1157 2565 1334 2605 descriptas
1363 2564 1478 2597 litteris
1503 2563 1692 2601 maioribus,
1723 2564 1817 2594 notas
1842 2571 1923 2594 saec.
1946 2561 1999 2595 15.

329 2618 469 2659 reliquas
491 2617 607 2649 litteris
629 2617 803 2649 maioribus
824 2617 918 2649 uncis
940 2617 1086 2656 inclusis,
1108 2619 1202 2649 notas
1223 2627 1294 2649 vero
1315 2627 1397 2648 saec.
1414 2618 1466 2649 16.
1490 2615 1606 2648 litteris
1626 2614 1761 2646 minutis
1782 2613 1928 2645 distinxi.

433 2671 493 2702 Ius
523 2670 638 2710 fasque
669 2672 728 2708 est,
762 2671 799 2701 ut
823 2669 1081 2701 reverendissimo
1109 2669 1235 2701 domino
1263 2668 1433 2701 Friderico
1459 2666 1558 2706 Piffl,
1590 2666 1746 2699 canoniae
1775 2665 1998 2698 claustroneo-

330 2722 493 2763 buryensis
518 2721 666 2761 praelato
697 2721 881 2760 venerabili,
915 2731 953 2753 ac
986 2721 1066 2753 viris
1096 2720 1300 2760 clarissimis,
1335 2719 1513 2752 doctoribus
1542 2718 1706 2751 Vincentio
1736 2717 1874 2758 Dudwiy
1904 2719 2002 2758 atque

329 2773 503 2806 Bertholdo
529 2774 659 2812 Cernik,
688 2774 802 2806 amicis
828 2773 906 2805 meis
930 2773 1144 2813 praedilectis,
1172 2773 1252 2813 quia
1279 2772 1400 2804 codices
1422 2782 1462 2804 ex
1478 2773 1574 2812 parte
1595 2770 1682 2803 domi
1703 2769 1815 2802 utendi
1837 2769 1999 2802 licentiam

330 2826 410 2858 mihi
433 2826 642 2858 concesserint
664 2836 819 2866 operaque
841 2825 984 2857 maxima
1006 2825 1087 2856 mihi
1108 2824 1330 2865 impenderint,
1351 2823 1479 2864 yratias
1499 2823 1608 2855 iterem
1630 2822 1798 2854 maximas.
