2150 3178
346 201 407 231 314
459 197 566 224 LIBER
584 178 831 224 OBLATIONIIM
849 196 896 224 ET
915 196 1166 224 ANNIVERSAR.
1179 197 1409 225 MONASTERII
1426 197 1576 226 SCOTOR.
1590 198 1897 228 VINDOBONENSIS.

448 285 534 317 Item
561 284 702 327 quedam
733 295 795 316 sor.
819 289 855 316 n·
877 284 964 317 diota
987 284 1197 327 Margaretha
1220 284 1395 317 Knechtlin
1418 285 1460 318 de
1483 285 1661 329 Neuburga
1683 286 1859 320 claustrali
1879 287 2016 320 contulit

345 337 377 369 in
400 340 515 379 parata
538 337 676 378 pecunia
702 338 740 368 12
762 337 912 368 florenos.
959 335 1021 369 Ob.
1038 338 1149 368 autem
1171 336 1265 368 VIII.
1283 336 1348 369 kal.
1365 337 1516 379 Augusti.

448 389 533 421 Item
573 388 705 431 quidam
739 389 798 420 (εἰν.
829 388 960 421 Wienn.
990 389 1120 421 nomine
1152 388 1316 421 Dietricus
1351 388 1494 430 Hessz²)
1528 389 1664 422 contulit
1697 390 1855 433 quosdam
1887 391 2016 425 libellos

346 441 545 473 diversarum
574 441 764 473 facultatum
791 440 938 473 fortassis
964 441 996 472 in
1021 440 1131 472 valore
1155 441 1252 472 trium
1274 441 1482 473 florenorum.
1528 440 1590 473 Ob.
1608 445 1717 474 autem
1739 442 1833 475 VIII.
1849 443 1915 476 kal.
1933 443 2015 487 Sep-

345 493 489 525 tembris.
2045 506 2057 526 s

448 545 533 577 Item
564 545 697 587 quidam
729 555 793 576 sac.
818 545 954 585 contulit
976 544 1070 576 nobis
1093 555 1253 576 summam
1276 543 1432 587 Pysani²)
1456 544 1604 577 rubeam.
1657 545 1719 578 Ob.
1737 549 1846 580 autem
1869 547 1930 580 III.
1947 547 2014 580 kal.

345 597 548 630 Decembris.

449 650 534 682 Item
559 649 700 692 quedam
724 649 760 681 d·
783 649 870 681 dicta
892 648 1071 690 Elysabeth
1099 648 1212 681 relicta
1236 648 1368 680 oswald
1391 648 1515 690 Bauch,
1543 660 1606 682 sor.
1627 660 1670 691 n.‚
1697 652 1815 683 testata
1843 654 1894 684 est
1919 651 2015 685 nobis

346 702 477 734 domum
501 702 571 733 auff
591 702 650 734 der
671 701 895 743 Renngassen,
925 711 987 743 que
1011 701 1108 733 solvit
1130 701 1296 733 annuatim
1323 703 1361 732 10
1374 705 1404 732 u.
1422 705 1458 743 o>.,
1488 712 1600 734 verum
1623 701 1711 744 quod
1734 702 1775 734 ab
1798 703 1930 746 antiquo
1954 703 2016 737 fuit

346 754 437 787 fundi
461 754 620 786 censualis
642 754 771 785 solvens
798 755 836 784 12
853 754 885 795 β.
903 758 929 791 ο).
975 751 1038 784 Ob.
1054 755 1164 785 autem
1187 752 1292 795 pridie
1315 752 1382 784 kal.
1398 753 1600 785 Decembris.
2033 765 2060 786 ιο

448 807 532 839 Item
549 806 713 848 quondam
731 806 884 848 egregius
899 806 958 846 vir,
982 815 1068 846 mag.
1081 804 1235 837 Nicolaus
1251 805 1292 837 de
1308 805 1579 847 Dinkelspuehel,
1600 805 1714 838 doctor
1729 816 1821 838 sacre
1837 806 2014 850 theologie,

344 869 482 901 magnus
505 861 699 900 cooperator
722 857 784 889 fuit
807 857 1051 889 reformacionis
1073 856 1224 888 mon¹⁰m¹¹¹
1247 857 1279 889 in
1297 857 1440 898 Austria,
1464 868 1494 889 n.
1511 860 1621 890 autem
1645 858 1768 890 amicus
1790 859 1960 901 singularis
1982 862 2017 892 et

346 911 421 943 ideo
438 911 469 942 in
485 910 639 942 extremis
656 920 714 951 pro
729 920 786 941 suo
802 909 983 941 memoriali
999 912 1135 941 testatus
1149 912 1199 941 est
1213 908 1305 941 nobis
1319 910 1526 951 quaestiones
1540 919 1727 942 communes
1741 911 1978 944 sentenciamm
1988 910 2016 954 8)

345 963 476 1005 propria
499 972 597 994 manu
620 963 767 1004 scriptas.
814 961 875 994 Ob.
893 964 1003 993 autem
1026 960 1143 1003 ydibus
1165 960 1335 993 Februarii
1357 960 1401 1003 (a.
1423 962 1528 1004 1433).

449 1014 533 1046 Item
558 1013 696 1046 Georius
721 1013 825 1046 dictus
848 1013 1032 1046 Melkamer
1042 1013 1069 1054 ⁴)
1096 1012 1173 1045 licet
1199 1023 1272 1045 cum
1296 1016 1330 1045 et
1351 1024 1410 1056 pro
1433 1014 1499 1046 suis
1522 1013 1687 1046 beneficiis
1709 1015 1815 1047 anniv.
1831 1015 2015 1056 instituerit,
2034 1024 2060 1046 ιο

344 1069 453 1098 tamen
478 1067 554 1108 quia
577 1066 714 1097 multum
735 1075 987 1108 supererogasse
1009 1064 1146 1105 videtur,
1169 1064 1245 1097 ideo
1268 1064 1392 1107 placuit
1414 1065 1456 1098 ad
1477 1066 1547 1098 eius
1563 1066 1739 1108 specialem
1756 1066 2016 1099 commendacio-

346 1129 418 1150 nem
444 1128 518 1149 suas
543 1117 740 1149 donaciones
763 1117 815 1149 hic
839 1118 991 1150 inserere.
1038 1116 1149 1149 Isdem
1171 1127 1313 1160 namque
1329 1116 1468 1149 Georius
1492 1117 1628 1150 contulit
1649 1117 1742 1150 nobis
1763 1121 1890 1161 septem
1904 1118 2017 1151 vineas

346 1173 380 1202 et
402 1170 483 1202 duas
506 1170 537 1202 d.
554 1171 585 1201 in
606 1169 889 1211 Perchtostsdorff,
912 1170 990 1201 item
1015 1172 1154 1212 quatuor
1176 1169 1287 1202 vineas
1309 1169 1352 1201 ad
1373 1168 1525 1202 Sanctum
1542 1169 1665 1212 Vitum,
1688 1171 1767 1202 item
1793 1170 1873 1203 duas
1894 1171 2016 1212 vineas,

345 1233 442 1254 unam
466 1222 498 1254 in
523 1224 632 1254 monte
649 1221 840 1261 Hohenbar,
864 1222 1001 1254 alteram
1025 1221 1057 1252 in
1074 1220 1202 1253 Alsekk
1225 1231 1298 1253 cum
1318 1222 1402 1253 vasis
1421 1225 1454 1253 et
1469 1222 1542 1254 vino
1559 1222 1652 1254 unius
1668 1223 1757 1261 anni;
1780 1223 1860 1255 item
1876 1222 2016 1265 cyphum

345 1278 538 1317 argenteum
563 1277 595 1306 et
619 1274 811 1305 deauratum
836 1275 868 1305 in
886 1273 997 1305 valore
1021 1275 1062 1306 50
1078 1278 1108 1305 <t
1127 1273 1222 1316 (⁶)·)·‘)
1261 1272 1322 1305 Ob.
1339 1277 1449 1306 autem
1465 1273 1523 1306 IV.
1539 1274 1605 1306 kal.
1619 1275 1751 1316 Aprilis,
1775 1278 1809 1307 et
1825 1275 1894 1307 eius
1909 1275 2015 1308 anniv.
2033 1283 2061 1305 u

345 1337 403 1368 pro
432 1326 578 1368 pluribus
606 1337 736 1368 semper
766 1326 934 1368 peragitur
961 1325 1104 1357 secunda
1132 1325 1213 1358 feria
1239 1325 1360 1367 pasche
1390 1336 1463 1358 cum
1492 1325 1609 1368 vigiliis
1631 1337 1748 1359 novem
1770 1327 1951 1360 leccionum
1973 1326 2016 1360 de

346 1389 418 1410 sero
451 1381 526 1410 ante
557 1388 712 1420 vesperas
746 1377 908 1409 cantando
944 1377 1164 1410 invitatorium
1197 1387 1271 1410 cum
1302 1378 1516 1420 responsoriis
1550 1381 1583 1410 et
1616 1378 1872 1420 „Benedictus“‚
1907 1381 2017 1412 cetera

345 1431 510 1472 leguntur,
546 1433 579 1462 et
605 1431 637 1461 in
666 1430 804 1462 crastino
834 1440 893 1471 per
921 1429 975 1461 ἴτ’·
998 1429 1124 1461 canitur
1150 1429 1249 1461 missa
1277 1440 1335 1472 pro
1363 1429 1487 1462 eisdem
1515 1440 1588 1462 cum
1616 1429 1760 1463 candelis
1783 1430 1960 1463 maioribus
1983 1433 2018 1464 et

345 1482 522 1514 minoribus
545 1483 661 1514 crectis
686 1486 752 1514 tam
776 1481 818 1514 ad
843 1481 970 1523 vigilias
995 1492 1091 1524 quam
1115 1481 1158 1513 ad
1181 1482 1323 1514 missam.

448 1535 532 1566 Item
556 1534 656 1576 ipsius
680 1535 838 1566 memoria
861 1537 894 1566 et
917 1544 974 1566 sue
999 1534 1065 1565 uxi·
1082 1533 1228 1566 Barbare
1251 1535 1374 1576 pariter
1396 1538 1430 1566 et
1452 1535 1555 1566 soceri
1578 1534 1627 1566 sui
1642 1534 1800 1567 Friderici
1822 1534 1864 1567 de
1880 1533 2016 1568 Dorffen
2033 1544 2060 1567 ιι

344 1588 381 1619 fit
403 1588 434 1619 in
459 1587 607 1618 omnibus
631 1585 912 1628 predicacionibus
935 1585 1148 1628 popularibus
1170 1596 1273 1628 usque
1296 1586 1328 1618 in
1351 1586 1448 1619 finem
1467 1587 1568 1618 seculi
1584 1590 1645 1619 etc.
1691 1586 1879 1620 Notandum
1895 1590 2016 1628 tamen,

345 1639 431 1682 quod
456 1640 531 1681 quia
554 1640 642 1671 cives
665 1640 698 1670 in
713 1637 988 1670 Perchtoltsdorff
1008 1637 1163 1670 nolebant
1185 1637 1348 1680 predictas
1371 1637 1452 1670 duas
1468 1637 1583 1670 domus
1597 1639 1708 1671 venire
1728 1640 1760 1671 in
1777 1639 2016 1682 possessionem

345 1691 448 1732 monii,
473 1692 547 1733 quin
573 1702 680 1733 ymmo
706 1690 870 1732 cogebant
893 1700 951 1721 nos
975 1690 1062 1732 ipsas
1086 1689 1202 1721 domus
1225 1689 1366 1722 vendere
1390 1700 1449 1732 pro
1477 1691 1537 1722 126
1550 1694 1580 1721 w.
1598 1695 1636 1731 03„
1660 1701 1722 1733 que
1746 1694 1855 1723 tamen
1878 1691 2016 1734 pecunia

345 1744 386 1775 ad
409 1743 504 1775 monix
528 1743 700 1775 utilitatem
726 1746 775 1774 est
797 1743 867 1774 sine
891 1742 978 1774 omni
1001 1741 1216 1784 ambiguitate
1240 1742 1272 1773 in
1295 1752 1397 1784 pensa
1420 1746 1454 1774 et
1476 1752 1631 1784 expensa.

448 1795 532 1828 Item
557 1795 688 1837 quidam
712 1806 781 1827 can.
800 1794 937 1826 ecclesie
962 1794 1215 1826 Boleslaviensis
1238 1794 1368 1826 nomine
1390 1790 1567 1826 Mauricius
1590 1794 1630 1827 de
1653 1794 1855 1827 Zabiechlicz
1878 1797 2016 1828 testatus
2033 1805 2059 1826 ιο

345 1852 393 1880 est
409 1848 502 1880 nobis
518 1847 714 1879 breviarium
731 1847 825 1879 valde
842 1847 963 1879 bonum
979 1846 1156 1879 secundum
1173 1846 1334 1878 rubricam
1341 1847 1368 1888 ⁰)
1383 1846 1577 1879 secularium
1594 1851 1688 1879 sac¹¹¹¹¹
1702 1846 1848 1889 predicte
1865 1847 2013 1880 ecclesie.

346 1899 407 1932 Ob.
425 1903 533 1931 autem
556 1900 618 1931 III.
636 1899 701 1931 kal.
719 1899 851 1941 Aprilis.

448 1952 531 1983 Item
562 1951 695 1994 quidam
724 1951 790 1983 mil.
807 1951 947 1984 Iacobus
979 1951 1019 1983 de
1044 1951 1170 1983 Chrudt
1192 1951 1370 1993 vulgariter
1392 1951 1497 1983 dictus
1519 1951 1571 1983 hic
1595 1950 1741 1983 fundavit
1750 1950 1778 1994 ⁵)
1801 1951 1960 1994 capellam
1982 1951 2015 1983 iu

345 2005 491 2036 carnario
523 2007 556 2035 et
580 2004 704 2036 dotavit
734 2014 808 2035 eam
839 2007 872 2035 et
900 2014 958 2045 pro
987 2013 1044 2035 suo
1072 2002 1191 2035 anniv¹⁰
1215 2013 1254 2035 ac
1282 2003 1403 2035 lumine
1430 2003 1463 2035 in
1492 2003 1608 2035 eadem
1635 2003 1762 2046 capella
1790 2003 1926 2036 contulit
1954 2014 2013 2046 pro

345 2056 492 2087 omnibus
516 2057 613 2087 annui
637 2066 752 2087 census
780 2058 817 2088 10
832 2060 873 2096 un,
898 2055 938 2087 de
963 2055 1080 2097 quibus
1103 2056 1135 2087 in
1158 2056 1370 2087 instrumento
1393 2055 1519 2097 plenius
1541 2058 1633 2097 patet
1655 2058 1754 2098 atque
1777 2055 1902 2088 litteris.
1947 2054 2013 2088 Sed
2030 2067 2056 2087 u

345 2108 420 2150 quia
448 2108 489 2139 de
521 2107 604 2139 bona
632 2108 797 2140 voluntate
825 2108 906 2139 alias
933 2108 1154 2149 possessiones
1182 2107 1275 2139 nobis
1302 2107 1435 2139 donavit
1461 2107 1562 2149 gratis
1589 2108 1718 2139 omnino
1742 2107 1896 2140 videlicet
1916 2107 2014 2140 annui

344 2170 459 2192 census
484 2162 502 2192 3
518 2164 548 2190 u.
573 2162 591 2192 3
607 2161 638 2201 β.
665 2162 681 2191 7
697 2164 732 2201 05„
757 2170 820 2202 que
844 2159 1006 2192 habentur
1029 2159 1070 2191 de
1094 2160 1191 2191 certis
1213 2159 1321 2191 fundis
1340 2162 1415 2191 ante
1432 2170 1517 2191 mon.
1536 2159 1715 2200 Scotorum,
1738 2162 1834 2202 prout
1849 2159 1911 2191 hoc
1927 2159 2013 2191 clare

346 2212 506 2244 invenitur
529 2213 561 2243 in
585 2212 727 2254 quodam
752 2212 835 2243 libro
860 2212 993 2253 antiquo
1010 2211 1111 2252 fundi,
1137 2212 1190 2254 qui
1207 2212 1320 2254 incipit
1334 2211 1375 2243 ab
1391 2217 1426 2243 a⁰
1442 2211 1472 2243 d*
1491 2213 1572 2243 1334
1588 2211 1641 2243 vel
1657 2211 1746 2243 citra.
1783 2211 1864 2244 Ideo
1880 2211 2013 2253 dignum

346 2267 405 2305 est,
429 2267 465 2295 ut
488 2263 585 2295 deum
610 2275 668 2305 pro
694 2274 733 2295 eo
757 2264 932 2295 studiosius
955 2274 1136 2295 exoremus
1184 2263 1246 2295 Ob.
1263 2266 1373 2295 autem
1396 2263 1472 2295 VII.
1489 2263 1554 2295 kal.
1570 2263 1773 2295 Decembris.

448 2315 533 2347 Item
558 2315 690 2357 quidam
715 2316 734 2347 l.
754 2315 832 2347 Otto
849 2315 995 2358 Weissb)
1004 2316 1030 2358 ⁶)
1051 2317 1192 2357 nomine,
1215 2316 1273 2348 civ.
1291 2316 1455 2358 quondam
1470 2315 1611 2356 Wienn.‚
1632 2315 1673 2347 ob
1690 2315 1866 2358 specialem
1889 2314 1932 2347 ad
1953 2319 2012 2347 11⁸m
2029 2326 2056 2346 ω

345 2367 516 2398 ecclesiam
541 2367 752 2399 devocionem
777 2367 912 2399 contulit
934 2368 1027 2399 nobis
1050 2369 1173 2409 vineas,
1197 2379 1277 2410 quas
1299 2368 1458 2400 habemus
1479 2369 1511 2399 in
1527 2367 1620 2399 Μαι-ο
1635 2378 1774 2400 unacum
1788 2368 1874 2399 vasis
1890 2369 1923 2399 et
1937 2366 2011 2399 vino

344 2420 437 2450 unius
468 2419 542 2450 anni
571 2430 629 2460 pro
659 2422 817 2461 perpetuo
848 2420 978 2460 anniv³⁰‚
1009 2420 1097 2461 quod
1123 2421 1290 2462 peragitur
1317 2420 1359 2452 ab
1387 2420 1560 2452 octonariis
1587 2419 1611 2451 si
1630 2419 1787 2461 Stephani
1814 2419 1847 2450 in
1873 2418 2012 2451 ecclesia

345 2470 473 2510 eadem,
498 2474 630 2513 propter
653 2470 739 2512 quod
763 2471 804 2502 de
830 2471 954 2502 eisdem
977 2472 1079 2503 vineis
1095 2473 1260 2503 annuatim
1277 2472 1430 2503 solvimus
1447 2472 1494 2503 eis
1511 2471 1570 2512 2¹l2
1588 2476 1618 2502 a
1636 2475 1658 2508 ο)
1701 2471 1764 2504 Ob.
1780 2474 1890 2504 autem
1905 2469 2010 2513 pridie

344 2522 396 2564 yd.
413 2523 562 2564 Augusti.

449 2636 472 2667 ¹³)
493 2635 514 2668 ᾧ.
534 2637 658 2668 supplevi.
763 2635 788 2668 b)
807 2637 906 2661 Weisss
925 2636 980 2661 cod.
1087 2636 1110 2669 ⁰)
1130 2636 1174 2662 Sic
1192 2636 1248 2661 cod.
2026 2642 2052 2662 45

451 2714 471 2746 ¹)
491 2713 528 2738 In
547 2712 738 2746 diplomatibus
755 2713 840 2739 annis
859 2717 928 2740 1440
945 2714 969 2739 et
983 2715 1052 2739 1443
1069 2712 1237 2739 nominatur.
1330 2712 1351 2746 ²)
1370 2712 1566 2739 Bartholomaei
1584 2711 1616 2739 de
1633 2711 1660 2739 S.
1675 2711 1832 2739 Com-ordio.
1923 2711 1944 2744 8)
1966 2710 2008 2745 Of.

342 2763 370 2789 p.
383 2758 431 2782 313
448 2764 476 2782 n.
490 2761 515 2783 4.
621 2756 643 2790 ⁴)
661 2756 789 2789 Diploma
811 2755 842 2782 de
863 2755 915 2782 hac
937 2755 1098 2788 fundatione
1116 2755 1280 2782 Leonardus
1299 2755 1379 2789 prim·
1398 2755 1621 2782 Mauerbacensis
1644 2755 1697 2782 m'ce
1714 2754 1852 2782 Iohannis
1869 2754 2008 2781 Scotorum

345 2798 459 2832 abbatis,
485 2799 532 2832 qui
555 2802 622 2825 tuuc
643 2799 718 2832 apud
734 2799 877 2826 concilium
896 2799 1052 2826 Basileense
1069 2801 1191 2825 moratus
1213 2801 1258 2832 est,
1278 2807 1303 2825 a.
1318 2802 1387 2826 1434
1405 2799 1519 2832 confecit
1536 2801 1561 2825 et
1578 2798 1713 2833 sigillavit.
1820 2798 1843 2832 ⁶)
1861 2796 2006 2824 Fundatio

347 2850 372 2868 α,
387 2844 450 2868 1322
467 2842 543 2874 facta
562 2845 607 2869 est.
716 2843 737 2875 ⁶)
756 2842 831 2869 Idem
850 2842 1001 2876 diplomata
1019 2851 1044 2868 a.
1059 2846 1222 2869 1407—1411
1239 2842 1349 2875 saepius
1366 2842 1497 2876 siyillamt.

2085 293 2107 302 κ
