2150 3178
0 3046 9 3090 ,α
0 2907 10 3029 Ψγ-μ-
0 2874 5 2894 ‚v

147 2141 172 2160 10

149 2355 173 2374 15

149 2781 175 2801 25

317 766 430 823 NE
441 763 720 823 CROLO
730 763 964 822 GIUM
1006 763 1225 820 FRAT
1235 764 1285 821 Ε
1296 764 1351 821 R
1362 764 1420 821 N
1429 763 1660 821 ITATI
1672 762 1712 820 S

424 859 480 918 S.
507 858 847 916 MARTIN
854 858 884 915 Ι
923 857 1021 915 IN
1061 857 1273 915 IUDE
1284 858 1519 916 NBUR
1531 857 1603 915 G.

296 1000 479 1045 Orationis
498 1011 720 1053 fraternitatis
742 1021 766 1042 s.
784 1010 926 1042 Martini
948 1011 984 1042 in
1007 1010 1199 1049 Iudenburq,
1224 1010 1351 1050 Styriae
1373 1010 1553 1050 Superioris
1576 1010 1709 1049 civitate,
1736 1020 1841 1042 necro-

188 1064 262 1105 loyii
283 1064 420 1095 recensio
442 1073 523 1095 nova
545 1063 660 1094 codicis
683 1065 712 1095 7.
724 1062 789 1093 243
810 1062 943 1094 minoris
966 1062 1084 1099 formae
1107 1062 1269 1093 chartaceo
1291 1062 1327 1093 in
1350 1062 1535 1093 bibliotheca
1559 1072 1706 1093 caesarea
1725 1061 1841 1093 Vinclo-

187 1116 315 1148 bonensi
341 1115 494 1147 asservati
520 1114 607 1153 foliis
630 1114 802 1145 189—196
829 1114 1014 1152 continetur,
1043 1124 1139 1154 quarn
1166 1124 1245 1145 saec.
1265 1115 1313 1145 18.
1337 1114 1472 1153 scriptor
1493 1124 1532 1144 cac
1554 1114 1684 1153 antiquo
1706 1113 1842 1153 quodam

187 1167 359 1207 necroloyio
391 1177 475 1198 nanc
508 1166 623 1197 amisso
656 1168 714 1196 aut
745 1165 859 1197 latente
885 1165 1086 1205 descripsisse
1111 1166 1247 1203 videtur,
1285 1165 1317 1196 in
1349 1176 1410 1205 quo
1438 1165 1504 1196 (lies
1530 1164 1681 1196 obitualcs
1707 1164 1842 1196 saeculis

187 1218 400 1250 delabentibus
427 1217 593 1249 annalium
625 1217 713 1249 modo
739 1217 841 1248 variis
866 1217 1056 1256 scriptorum
1086 1217 1232 1248 manibus
1254 1219 1422 1248 annotatos
1449 1227 1512 1248 esse
1538 1227 1704 1248 censemus.
1753 1216 1843 1256 Quod

187 1280 259 1302 curn
287 1270 353 1301 viro
379 1269 553 1301 clarissimo
579 1269 698 1301 doctori
720 1268 922 1309 Siyismunolo
945 1268 1287 1308 Hereberq-Fraenlcel
1311 1269 1535 1308 incompertum
1561 1268 1666 1309 fuisse
1688 1268 1841 1307 videatur,

187 1321 238 1353 hic
255 1321 397 1361 primum
419 1321 533 1352 litteris
555 1321 686 1352 minatis
708 1320 826 1352 editum
848 1323 902 1352 est.

299 1372 373 1404 Viro
401 1372 588 1410 clarissimo,
620 1372 737 1403 doctori
764 1371 867 1410 Iosefo
895 1372 994 1412 equiti
1027 1382 1048 1403 a
1077 1371 1277 1409 Karabacelc,
1308 1371 1506 1403 bibliothecae
1534 1382 1696 1403 caesareae
1726 1370 1841 1402 Vindo-

189 1424 332 1456 bonensis
359 1423 507 1455 directori
535 1424 647 1463 optime
674 1423 796 1461 merito,
826 1423 910 1463 quod
942 1423 1076 1454 codicem
1102 1423 1250 1455 Gottwicl
1276 1423 1386 1454 utendi
1409 1422 1569 1454 licentiam
1591 1422 1671 1454 mihi
1687 1423 1842 1462 permisit,

191 1475 248 1508 hoc
269 1485 390 1515 quoque
412 1475 475 1507 loco
496 1475 621 1516 gratias
642 1485 699 1515 ayo
722 1475 851 1506 debitas.

334 1623 719 1670 REGISTRUM
754 1624 1297 1670 FRATERNITATIS
1332 1623 1377 1669 S.
1406 1624 1696 1669 MARTINI

762 1697 831 1743 IN
863 1696 1272 1743 IUDENBURG.

635 1806 772 1838 Oremus
795 1816 854 1847 pro
878 1806 1024 1838 omnibus
1047 1806 1196 1838 fidelibus
1220 1806 1395 1838 defunctis:

293 1875 347 1901 Pro
366 1874 398 1900 (10
419 1874 559 1909 Wulfingo
578 1873 659 1908 pleb⁰
678 1873 707 1900 in
725 1874 895 1909 Iudenburg.

295 1917 349 1944 Pro
368 1917 400 1943 (10
419 1916 553 1943 Hainrico
571 1915 730 1943 archidiaco
749 1918 779 1943 et
796 1916 878 1951 pleb⁰
897 1916 925 1943 in
939 1916 1088 1945 Vanstorff.

293 1960 347 1987 Pro
366 1960 398 1987 (10
417 1959 511 1986 Ulrico
530 1959 612 1994 pleb⁰
631 1959 660 1986 in
673 1959 825 1986 Vanstorff.

294 2004 346 2030 Pro
365 2003 397 2029 (10
416 2003 614 2030 Bartholomeo
633 2007 702 2037 cap0
720 2002 750 2029 in
770 2002 988 2030 Liechtenstaim

293 2046 345 2073 Pro
364 2046 396 2072 (10
416 2045 556 2072 Friderico
575 2045 604 2072 in
623 2045 835 2072 Chnuetelveld.

293 2089 345 2116 Pro
364 2089 396 2115 d⁰
416 2088 607 2116 cholomanno
626 2088 707 2123 plebe
726 2088 756 2114 in
774 2087 951 2123 Reyheufels.

294 2132 348 2159 Pro
367 2132 399 2158 (10
418 2131 544 2159 Conrado
564 2132 645 2166 pleb⁰
664 2131 693 2158 in
712 2130 887 2158 Schuessarn.

293 2174 346 2202 Pro
366 2175 398 2201 (10
418 2175 540 2202 Iohanne
559 2180 626 2209 oap⁰
645 2174 675 2201 in
694 2173 912 2201 Liechtenstain.

294 2218 346 2244 Pro
364 2218 397 2244 (10
417 2217 549 2244 Hainrico
569 2217 649 2252 pleb⁰
669 2217 698 2243 in
718 2217 843 2244 Obdach.

294 2261 347 2287 Pro
366 2261 398 2287 (10
418 2260 538 2286 Rudolfo
555 2260 637 2295 pleb⁰
656 2260 686 2287 in
705 2260 885 2294 Frawnburg.

295 2304 348 2331 Pro
367 2303 400 2330 (10
419 2303 520 2330 Iacobo
540 2303 620 2337 pleb⁰
639 2303 668 2329 in
686 2302 811 2330 Obdaoh.

295 2347 348 2373 Pro
367 2346 399 2373 d⁰
419 2345 568 2380 Peregrino
587 2346 669 2380 pleb⁰
687 2346 717 2372 in
735 2346 838 2380 Pyrnn.

295 2390 349 2417 Pro
367 2389 399 2416 (10
418 2389 541 2416 Iohanne
560 2389 625 2416 dec⁰
644 2389 674 2416 in
692 2389 765 2416 Ozol.

295 2433 348 2460 Pro
366 2433 399 2459 (10
417 2432 541 2459 Iohanne
560 2432 641 2466 plebe
660 2433 690 2459 in
709 2432 834 2459 Obdach.

295 2476 348 2502 Pro
366 2476 398 2502 (10
417 2475 564 2510 Maingoto
582 2475 663 2510 pleb⁰
682 2475 711 2502 in
730 2474 762 2502 So
780 2474 889 2502 Georio.

295 2518 349 2545 Pro
367 2518 399 2544 (10
418 2517 551 2545 Hainrico
570 2518 651 2552 pleb⁰
670 2518 699 2544 in
718 2517 872 2552 Seheyben.

296 2561 349 2588 Pro
367 2561 400 2588 (10
419 2561 538 2588 Nicolao
557 2561 638 2596 plebo
657 2561 686 2588 in
704 2561 785 2588 Lind.

295 2604 349 2631 Pro
367 2604 399 2631 (10
418 2603 565 2631 Cristanno
584 2610 650 2631 oan⁰
669 2605 690 2630 s¹
703 2602 895 2631 Bartholomei
915 2601 1045 2629 Friesaci.

295 2647 348 2674 Pro
367 2647 399 2673 (10
418 2646 544 2674 Conrado
562 2647 644 2682 pleb⁰
662 2647 690 2674 in
709 2647 878 2680 Iudenburg.

296 2690 349 2717 Pro
367 2690 399 2717 (10
418 2690 568 2718 Herwordo
586 2691 620 2718 de
639 2690 784 2725 Lobming.

297 2733 350 2760 Pro
368 2733 400 2760 (10
418 2733 534 2761 Ernesto
553 2734 587 2761 de
604 2733 751 2768 Lobming.

298 2776 350 2803 Pro
368 2776 401 2803 (10
418 2776 531 2804 All-amo
550 2777 583 2804 de
603 2776 802 2811 Reyffenstain.

297 2818 350 2846 Pro
369 2818 530 2846 Eberhardo
548 2819 728 2847 Vanstorffer.
