<?xml version="1.0" encoding="UTF-8"?>
<!DOCTYPE html PUBLIC "-//W3C//DTD XHTML 1.0 Transitional//EN"
    "http://www.w3.org/TR/xhtml1/DTD/xhtml1-transitional.dtd">
<html xmlns="http://www.w3.org/1999/xhtml" xml:lang="en" lang="en">
 <head>
  <title>
</title>
<meta http-equiv="Content-Type" content="text/html;charset=utf-8" />
  <meta name='ocr-system' content='tesseract 3.04.00' />
  <meta name='ocr-capabilities' content='ocr_page ocr_carea ocr_par ocr_line ocrx_word'/>
</head>
<body>
  <div class='ocr_page' id='page_1' title='image "./monumentagerman05geseuoft_0552.png"; bbox 0 0 2150 3178; ppageno 0'>
   <div class='ocr_carea' id='block_1_1' title="bbox 349 177 414 208">
    <p class='ocr_par' dir='ltr' id='par_1_1' title="bbox 349 177 414 208">
     <span class='ocr_line' id='line_1_1' title="bbox 349 177 414 208; baseline 0.015 -1"><span class='ocrx_word' id='word_1_1' title='bbox 349 177 414 208; x_wconf 85' lang='lat'><strong>538</strong></span> 
     </span>
    </p>
   </div>
   <div class='ocr_carea' id='block_1_2' title="bbox 756 173 1610 204">
    <p class='ocr_par' dir='ltr' id='par_1_2' title="bbox 756 173 1610 204">
     <span class='ocr_line' id='line_1_2' title="bbox 756 173 1610 204; baseline 0.002 -2"><span class='ocrx_word' id='word_1_2' title='bbox 756 173 1023 202; x_wconf 81' lang='lat' dir='ltr'><strong>NECROLOGIUM</strong></span> <span class='ocrx_word' id='word_1_3' title='bbox 1042 175 1234 203; x_wconf 76' lang='lat' dir='ltr'><strong>CANONIAE</strong></span> <span class='ocrx_word' id='word_1_4' title='bbox 1250 175 1300 203; x_wconf 84' lang='lat' dir='ltr'><strong>AD</strong></span> <span class='ocrx_word' id='word_1_5' title='bbox 1319 175 1345 203; x_wconf 81' lang='lat' dir='ltr'><strong>S.</strong></span> <span class='ocrx_word' id='word_1_6' title='bbox 1358 175 1610 204; x_wconf 79' lang='lat' dir='ltr'><strong>HIPPOLY&#39;I&#39;UM.</strong></span> 
     </span>
    </p>
   </div>
   <div class='ocr_carea' id='block_1_3' title="bbox 659 262 2027 1030">
    <p class='ocr_par' dir='ltr' id='par_1_3' title="bbox 659 262 2027 1030">
     <span class='ocr_line' id='line_1_3' title="bbox 662 262 2016 308; baseline 0.003 -15"><span class='ocrx_word' id='word_1_7' title='bbox 662 272 928 294; x_wconf 85' lang='lat' dir='ltr'><strong>successorum</strong></span> <span class='ocrx_word' id='word_1_8' title='bbox 944 273 1096 294; x_wconf 90' lang='lat' dir='ltr'><strong>suorum</strong></span> <span class='ocrx_word' id='word_1_9' title='bbox 1110 263 1311 305; x_wconf 80' lang='lat' dir='ltr'><strong>peragitur</strong></span> <span class='ocrx_word' id='word_1_10' title='bbox 1326 262 1490 306; x_wconf 83' lang='lat' dir='ltr'><strong>singulis</strong></span> <span class='ocrx_word' id='word_1_11' title='bbox 1506 264 1615 296; x_wconf 77' lang='lat' dir='ltr'><strong>annis</strong></span> <span class='ocrx_word' id='word_1_12' title='bbox 1631 273 1713 296; x_wconf 87' lang='lat' dir='ltr'><strong>cum</strong></span> <span class='ocrx_word' id='word_1_13' title='bbox 1726 265 1863 297; x_wconf 72' lang='lat' dir='ltr'><strong>maiori</strong></span> <span class='ocrx_word' id='word_1_14' title='bbox 1878 264 2016 308; x_wconf 73' lang='lat' dir='ltr'><strong>vigilia</strong></span> 
     </span>
     <span class='ocr_line' id='line_1_4' title="bbox 662 314 2015 359; baseline 0.003 -14"><span class='ocrx_word' id='word_1_15' title='bbox 662 316 700 345; x_wconf 88' lang='lat' dir='ltr'><strong>et</strong></span> <span class='ocrx_word' id='word_1_16' title='bbox 724 314 852 356; x_wconf 92' lang='lat' dir='ltr'><strong>priore</strong></span> <span class='ocrx_word' id='word_1_17' title='bbox 877 324 958 346; x_wconf 92' lang='lat' dir='ltr'><strong>cum</strong></span> <span class='ocrx_word' id='word_1_18' title='bbox 981 314 1102 346; x_wconf 62' lang='lat' dir='ltr'><strong>mium</strong></span> <span class='ocrx_word' id='word_1_19' title='bbox 1126 315 1161 346; x_wconf 92' lang='lat' dir='ltr'><strong>in</strong></span> <span class='ocrx_word' id='word_1_20' title='bbox 1184 314 1284 346; x_wconf 90' lang='lat' dir='ltr'><strong>festo</strong></span> <span class='ocrx_word' id='word_1_21' title='bbox 1308 314 1335 345; x_wconf 79' lang='lat' dir='ltr'><strong>s¹</strong></span> <span class='ocrx_word' id='word_1_22' title='bbox 1358 314 1579 347; x_wconf 80' lang='lat' dir='ltr'><strong>Leonhardi</strong></span> <span class='ocrx_word' id='word_1_23' title='bbox 1602 325 1684 348; x_wconf 90' lang='lat' dir='ltr'><strong>cum</strong></span> <span class='ocrx_word' id='word_1_24' title='bbox 1707 317 1822 358; x_wconf 67' lang='grc' dir='ltr'><strong>3β.ὸ,</strong></span> <span class='ocrx_word' id='word_1_25' title='bbox 1846 317 1910 359; x_wconf 88' lang='lat' dir='ltr'><strong>qui</strong></span> <span class='ocrx_word' id='word_1_26' title='bbox 1933 327 2015 359; x_wconf 89' lang='lat' dir='ltr'><strong>por-</strong></span> 
     </span>
     <span class='ocr_line' id='line_1_5' title="bbox 663 365 2015 410; baseline 0.002 -13"><span class='ocrx_word' id='word_1_27' title='bbox 663 365 841 408; x_wconf 86' lang='lat' dir='ltr'><strong>riguntur</strong></span> <span class='ocrx_word' id='word_1_28' title='bbox 864 365 910 398; x_wconf 91' lang='lat' dir='ltr'><strong>de</strong></span> <span class='ocrx_word' id='word_1_29' title='bbox 933 366 1133 408; x_wconf 78' lang='lat' dir='ltr'>prelatura</span> <span class='ocrx_word' id='word_1_30' title='bbox 1156 368 1194 397; x_wconf 85' lang='lat' dir='ltr'><strong>et</strong></span> <span class='ocrx_word' id='word_1_31' title='bbox 1209 365 1494 398; x_wconf 85' lang='lat' dir='ltr'><strong>distribuuntur</strong></span> <span class='ocrx_word' id='word_1_32' title='bbox 1509 376 1577 409; x_wconf 88' lang='lat' dir='ltr'><strong>per</strong></span> <span class='ocrx_word' id='word_1_33' title='bbox 1593 366 1691 399; x_wconf 89' lang='lat' dir='ltr'><strong>hunc</strong></span> <span class='ocrx_word' id='word_1_34' title='bbox 1707 367 1871 400; x_wconf 86' lang='lat' dir='ltr'><strong>modum:</strong></span> <span class='ocrx_word' id='word_1_35' title='bbox 1894 368 2015 410; x_wconf 87' lang='lat' dir='ltr'><strong>primo</strong></span> 
     </span>
     <span class='ocr_line' id='line_1_6' title="bbox 662 417 2017 460; baseline 0.002 -11"><span class='ocrx_word' id='word_1_36' title='bbox 662 417 800 449; x_wconf 80' lang='lat' dir='ltr'><strong>dantur</strong></span> <span class='ocrx_word' id='word_1_37' title='bbox 816 419 835 450; x_wconf 90' lang='grc'>8</span> <span class='ocrx_word' id='word_1_38' title='bbox 851 421 872 454; x_wconf 71' lang='grc' dir='ltr'><strong>ο),</strong></span> <span class='ocrx_word' id='word_1_39' title='bbox 891 418 1063 450; x_wconf 78' lang='lat' dir='ltr'><strong>cantanti</strong></span> <span class='ocrx_word' id='word_1_40' title='bbox 1078 418 1257 460; x_wconf 86' lang='lat' dir='ltr'><strong>priorem.</strong></span> <span class='ocrx_word' id='word_1_41' title='bbox 1295 418 1392 450; x_wconf 88' lang='lat' dir='ltr'><strong>Item</strong></span> <span class='ocrx_word' id='word_1_42' title='bbox 1408 421 1541 460; x_wconf 85' lang='lat' dir='ltr'><strong>preter</strong></span> <span class='ocrx_word' id='word_1_43' title='bbox 1555 419 1692 451; x_wconf 77' lang='lat' dir='ltr'><strong>missas</strong></span> <span class='ocrx_word' id='word_1_44' title='bbox 1708 418 1859 452; x_wconf 75' lang='lat' dir='ltr'><strong>dotatas</strong></span> <span class='ocrx_word' id='word_1_45' title='bbox 1875 419 2017 452; x_wconf 86' lang='lat' dir='ltr'><strong>debent</strong></span> 
     </span>
     <span class='ocr_line' id='line_1_7' title="bbox 661 463 2027 512; baseline 0.001 -11"><span class='ocrx_word' id='word_1_46' title='bbox 661 469 740 512; x_wconf 91' lang='lat' dir='ltr'><strong>legi</strong></span> <span class='ocrx_word' id='word_1_47' title='bbox 764 471 783 501; x_wconf 79' lang='lat'><strong>2</strong></span> <span class='ocrx_word' id='word_1_48' title='bbox 807 470 935 509; x_wconf 84' lang='lat' dir='ltr'><strong>misse,</strong></span> <span class='ocrx_word' id='word_1_49' title='bbox 959 481 1034 502; x_wconf 82' lang='lat' dir='ltr'><strong>una</strong></span> <span class='ocrx_word' id='word_1_50' title='bbox 1056 469 1103 502; x_wconf 81' lang='lat' dir='ltr'><strong>ad</strong></span> <span class='ocrx_word' id='word_1_51' title='bbox 1126 474 1188 501; x_wconf 69' lang='lat' dir='ltr'><strong>aum</strong></span> <span class='ocrx_word' id='word_1_52' title='bbox 1212 469 1420 511; x_wconf 82' lang='lat' dir='ltr'><strong>Matheum,</strong></span> <span class='ocrx_word' id='word_1_53' title='bbox 1443 470 1569 502; x_wconf 80' lang='lat' dir='ltr'><strong>altera</strong></span> <span class='ocrx_word' id='word_1_54' title='bbox 1591 469 1639 502; x_wconf 78' lang='lat' dir='ltr'><strong>ad</strong></span> <span class='ocrx_word' id='word_1_55' title='bbox 1662 475 1723 502; x_wconf 71' lang='lat' dir='ltr'><strong>s&#39;nm</strong></span> <span class='ocrx_word' id='word_1_56' title='bbox 1744 470 1953 503; x_wconf 83' lang='lat' dir='ltr'><strong>Iohannem</strong></span> <span class='ocrx_word' id='word_1_57' title='bbox 1978 463 2027 503; x_wconf 62' lang='lat' dir='ltr'><strong>et,</strong></span> 
     </span>
     <span class='ocr_line' id='line_1_8' title="bbox 661 520 2015 565; baseline 0.001 -12"><span class='ocrx_word' id='word_1_58' title='bbox 661 521 706 553; x_wconf 89' lang='lat' dir='ltr'><strong>de</strong></span> <span class='ocrx_word' id='word_1_59' title='bbox 738 520 915 563; x_wconf 79' lang='lat' dir='ltr'><strong>qualibet</strong></span> <span class='ocrx_word' id='word_1_60' title='bbox 942 521 1080 554; x_wconf 74' lang='lat' dir='ltr'><strong>dantur</strong></span> <span class='ocrx_word' id='word_1_61' title='bbox 1109 525 1127 553; x_wconf 90' lang='lat'>5</span> <span class='ocrx_word' id='word_1_62' title='bbox 1145 527 1172 559; x_wconf 74' lang='lat' dir='ltr'><strong>o).</strong></span> <span class='ocrx_word' id='word_1_63' title='bbox 1221 521 1320 553; x_wconf 89' lang='lat' dir='ltr'><strong>Item</strong></span> <span class='ocrx_word' id='word_1_64' title='bbox 1347 521 1500 554; x_wconf 89' lang='lat' dir='ltr'><strong>custodi</strong></span> <span class='ocrx_word' id='word_1_65' title='bbox 1528 522 1667 554; x_wconf 84' lang='lat' dir='ltr'><strong>dantur</strong></span> <span class='ocrx_word' id='word_1_66' title='bbox 1689 524 1735 555; x_wconf 88' lang='grc'><strong>40</strong></span> <span class='ocrx_word' id='word_1_67' title='bbox 1751 527 1775 561; x_wconf 62' lang='grc' dir='ltr'><strong>ᾧ.</strong></span> <span class='ocrx_word' id='word_1_68' title='bbox 1796 533 1864 565; x_wconf 89' lang='lat' dir='ltr'><strong>pro</strong></span> <span class='ocrx_word' id='word_1_69' title='bbox 1889 523 1908 555; x_wconf 91' lang='lat'>8</span> <span class='ocrx_word' id='word_1_70' title='bbox 1931 532 2015 555; x_wconf 74' lang='lat' dir='ltr'><strong>can-</strong></span> 
     </span>
     <span class='ocr_line' id='line_1_9' title="bbox 662 573 2014 617; baseline 0.001 -12"><span class='ocrx_word' id='word_1_71' title='bbox 662 573 777 614; x_wconf 90' lang='lat' dir='ltr'><strong>delis,</strong></span> <span class='ocrx_word' id='word_1_72' title='bbox 802 583 875 615; x_wconf 91' lang='lat' dir='ltr'><strong>que</strong></span> <span class='ocrx_word' id='word_1_73' title='bbox 898 574 1146 616; x_wconf 87' lang='lat' dir='ltr'><strong>porriguntur</strong></span> <span class='ocrx_word' id='word_1_74' title='bbox 1168 573 1218 605; x_wconf 82' lang='lat' dir='ltr'><strong>ad</strong></span> <span class='ocrx_word' id='word_1_75' title='bbox 1240 573 1486 616; x_wconf 77' lang='lat' dir='ltr'><strong>sepulchrum</strong></span> <span class='ocrx_word' id='word_1_76' title='bbox 1510 584 1594 607; x_wconf 90' lang='lat' dir='ltr'><strong>cum</strong></span> <span class='ocrx_word' id='word_1_77' title='bbox 1609 584 1726 607; x_wconf 83' lang='lat' dir='ltr'><strong>aureo</strong></span> <span class='ocrx_word' id='word_1_78' title='bbox 1743 585 1878 617; x_wconf 79' lang='lat' dir='ltr'><strong>panno.</strong></span> <span class='ocrx_word' id='word_1_79' title='bbox 1915 574 2014 608; x_wconf 85' lang='lat' dir='ltr'><strong>Item</strong></span> 
     </span>
     <span class='ocr_line' id='line_1_10' title="bbox 661 625 2015 670; baseline 0.001 -13"><span class='ocrx_word' id='word_1_80' title='bbox 661 625 880 657; x_wconf 83' lang='lat' dir='ltr'><strong>scolaribus</strong></span> <span class='ocrx_word' id='word_1_81' title='bbox 904 636 970 667; x_wconf 90' lang='lat' dir='ltr'><strong>pro</strong></span> <span class='ocrx_word' id='word_1_82' title='bbox 995 628 1014 657; x_wconf 84' lang='lat'><strong>4</strong></span> <span class='ocrx_word' id='word_1_83' title='bbox 1038 626 1237 667; x_wconf 78' lang='lat' dir='ltr'><strong>psalteriis</strong></span> <span class='ocrx_word' id='word_1_84' title='bbox 1264 627 1305 658; x_wconf 85' lang='lat'><strong>12</strong></span> <span class='ocrx_word' id='word_1_85' title='bbox 1321 630 1346 663; x_wconf 64' lang='grc' dir='ltr'><strong>ᾧ.</strong></span> <span class='ocrx_word' id='word_1_86' title='bbox 1395 625 1492 658; x_wconf 84' lang='lat' dir='ltr'><strong>Item</strong></span> <span class='ocrx_word' id='word_1_87' title='bbox 1516 627 1767 668; x_wconf 74' lang='lat' dir='ltr'><strong>canpanatori</strong></span> <span class='ocrx_word' id='word_1_88' title='bbox 1790 637 1858 669; x_wconf 87' lang='lat' dir='ltr'><strong>pro</strong></span> <span class='ocrx_word' id='word_1_89' title='bbox 1880 637 2015 670; x_wconf 75' lang='lat' dir='ltr'><strong>magno</strong></span> 
     </span>
     <span class='ocr_line' id='line_1_11' title="bbox 660 676 2015 721; baseline 0.002 -13"><span class='ocrx_word' id='word_1_90' title='bbox 660 677 773 719; x_wconf 80' lang='lat' dir='ltr'><strong>pulsu</strong></span> <span class='ocrx_word' id='word_1_91' title='bbox 804 676 850 709; x_wconf 79' lang='lat' dir='ltr'><strong>ad</strong></span> <span class='ocrx_word' id='word_1_92' title='bbox 880 677 1038 719; x_wconf 82' lang='lat' dir='ltr'><strong>vigilias</strong></span> <span class='ocrx_word' id='word_1_93' title='bbox 1067 681 1105 710; x_wconf 89' lang='lat' dir='ltr'><strong>et</strong></span> <span class='ocrx_word' id='word_1_94' title='bbox 1131 677 1177 710; x_wconf 74' lang='lat' dir='ltr'><strong>ad</strong></span> <span class='ocrx_word' id='word_1_95' title='bbox 1204 679 1371 720; x_wconf 83' lang='lat' dir='ltr'><strong>priorem</strong></span> <span class='ocrx_word' id='word_1_96' title='bbox 1395 679 1441 709; x_wconf 87' lang='grc'><strong>20</strong></span> <span class='ocrx_word' id='word_1_97' title='bbox 1457 682 1481 716; x_wconf 67' lang='lat' dir='ltr'><strong>c).</strong></span> <span class='ocrx_word' id='word_1_98' title='bbox 1527 677 1640 720; x_wconf 80' lang='lat' dir='ltr'><strong>Nota,</strong></span> <span class='ocrx_word' id='word_1_99' title='bbox 1671 678 1770 721; x_wconf 92' lang='lat' dir='ltr'><strong>quod</strong></span> <span class='ocrx_word' id='word_1_100' title='bbox 1793 678 1929 711; x_wconf 90' lang='lat' dir='ltr'><strong>eodem</strong></span> <span class='ocrx_word' id='word_1_101' title='bbox 1953 678 2015 711; x_wconf 86' lang='lat' dir='ltr'><strong>die</strong></span> 
     </span>
     <span class='ocr_line' id='line_1_12' title="bbox 660 728 2015 773; baseline 0.002 -13"><span class='ocrx_word' id='word_1_102' title='bbox 660 728 873 770; x_wconf 82' lang='lat' dir='ltr'><strong>porrigitur</strong></span> <span class='ocrx_word' id='word_1_103' title='bbox 908 728 953 760; x_wconf 90' lang='lat' dir='ltr'><strong>de</strong></span> <span class='ocrx_word' id='word_1_104' title='bbox 987 729 1123 761; x_wconf 71' lang='lat' dir='ltr'><strong>celleri</strong></span> <span class='ocrx_word' id='word_1_105' title='bbox 1154 729 1190 761; x_wconf 76' lang='lat' dir='ltr'><strong>d*</strong></span> <span class='ocrx_word' id='word_1_106' title='bbox 1219 729 1327 772; x_wconf 87' lang='lat' dir='ltr'><strong>ppos¹</strong></span> <span class='ocrx_word' id='word_1_107' title='bbox 1357 729 1522 762; x_wconf 84' lang='lat' dir='ltr'><strong>cuilibet</strong></span> <span class='ocrx_word' id='word_1_108' title='bbox 1551 729 1591 761; x_wconf 85' lang='lat' dir='ltr'><strong>d⁰</strong></span> <span class='ocrx_word' id='word_1_109' title='bbox 1624 733 1635 762; x_wconf 90' lang='grc'><strong>1</strong></span> <span class='ocrx_word' id='word_1_110' title='bbox 1670 740 1722 772; x_wconf 88' lang='lat' dir='ltr'><strong>pr.</strong></span> <span class='ocrx_word' id='word_1_111' title='bbox 1749 731 1904 773; x_wconf 76' lang='lat' dir='ltr'><strong>integra</strong></span> <span class='ocrx_word' id='word_1_112' title='bbox 1933 740 2015 763; x_wconf 86' lang='lat' dir='ltr'><strong>oum</strong></span> 
     </span>
     <span class='ocr_line' id='line_1_13' title="bbox 661 780 2014 824; baseline 0.001 -12"><span class='ocrx_word' id='word_1_113' title='bbox 661 780 799 812; x_wconf 78' lang='lat' dir='ltr'><strong>simula</strong></span> <span class='ocrx_word' id='word_1_114' title='bbox 823 781 978 814; x_wconf 80' lang='lat' dir='ltr'><strong>valente</strong></span> <span class='ocrx_word' id='word_1_115' title='bbox 1003 781 1201 813; x_wconf 79' lang='lat' dir='ltr'><strong>denarium</strong></span> <span class='ocrx_word' id='word_1_116' title='bbox 1225 781 1272 813; x_wconf 80' lang='lat' dir='ltr'><strong>ad</strong></span> <span class='ocrx_word' id='word_1_117' title='bbox 1295 785 1529 814; x_wconf 80' lang='lat' dir='ltr'><strong>conswetam</strong></span> <span class='ocrx_word' id='word_1_118' title='bbox 1554 786 1641 824; x_wconf 63' lang='lat' dir='ltr'><strong>prm</strong></span> <span class='ocrx_word' id='word_1_119' title='bbox 1657 782 2014 824; x_wconf 50' lang='lat' dir='ltr'><strong>pro‘consolacione</strong></span> 
     </span>
     <span class='ocr_line' id='line_1_14' title="bbox 659 831 2012 875; baseline 0.002 -12"><span class='ocrx_word' id='word_1_120' title='bbox 659 831 800 864; x_wconf 75' lang='lat' dir='ltr'><strong>annivii</strong></span> <span class='ocrx_word' id='word_1_121' title='bbox 830 831 1019 875; x_wconf 58' lang='lat' dir='ltr'><strong>predicti]</strong></span> <span class='ocrx_word' id='word_1_122' title='bbox 1071 833 1233 865; x_wconf 81' lang='lat' dir='ltr'><strong>Iohannes</strong></span> <span class='ocrx_word' id='word_1_123' title='bbox 1261 832 1443 874; x_wconf 82' lang='lat' dir='ltr'><strong>Muelherr‚</strong></span> <span class='ocrx_word' id='word_1_124' title='bbox 1473 833 1614 865; x_wconf 80' lang='lat' dir='ltr'><strong>Michael</strong></span> <span class='ocrx_word' id='word_1_125' title='bbox 1644 832 1820 875; x_wconf 84' lang='lat' dir='ltr'><strong>Streutter,</strong></span> <span class='ocrx_word' id='word_1_126' title='bbox 1849 833 2012 866; x_wconf 75' lang='lat' dir='ltr'><strong>Iohannes</strong></span> 
     </span>
     <span class='ocr_line' id='line_1_15' title="bbox 659 883 2016 928; baseline 0.002 -13"><span class='ocrx_word' id='word_1_127' title='bbox 659 883 872 926; x_wconf 80' lang='lat' dir='ltr'><strong>Fflaming·)‚</strong></span> <span class='ocrx_word' id='word_1_128' title='bbox 905 884 1043 916; x_wconf 83' lang='lat' dir='ltr'><strong>ecclesie</strong></span> <span class='ocrx_word' id='word_1_129' title='bbox 1073 884 1098 915; x_wconf 80' lang='lat' dir='ltr'><strong>s¹</strong></span> <span class='ocrx_word' id='word_1_130' title='bbox 1118 884 1256 927; x_wconf 83' lang='lat' dir='ltr'><strong>Nicolay</strong></span> <span class='ocrx_word' id='word_1_131' title='bbox 1286 888 1378 917; x_wconf 80' lang='lat' dir='ltr'><strong>extra</strong></span> <span class='ocrx_word' id='word_1_132' title='bbox 1406 896 1516 917; x_wconf 84' lang='lat' dir='ltr'><strong>muros</strong></span> <span class='ocrx_word' id='word_1_133' title='bbox 1546 885 1682 918; x_wconf 77' lang='lat' dir='ltr'><strong>Patavie</strong></span> <span class='ocrx_word' id='word_1_134' title='bbox 1712 885 1783 928; x_wconf 69' lang='lat' dir='ltr'><strong>pbr¹</strong></span> <span class='ocrx_word' id='word_1_135' title='bbox 1813 888 1846 918; x_wconf 90' lang='lat' dir='ltr'><strong>et</strong></span> <span class='ocrx_word' id='word_1_136' title='bbox 1875 885 1948 918; x_wconf 69' lang='grc' dir='ltr'><strong><em>σῖτ’·</em></strong></span> <span class='ocrx_word' id='word_1_137' title='bbox 1974 885 2016 918; x_wconf 64' lang='lat' dir='ltr'><strong>n‘.</strong></span> 
     </span>
     <span class='ocr_line' id='line_1_16' title="bbox 659 935 2015 980; baseline 0.002 -13"><span class='ocrx_word' id='word_1_138' title='bbox 659 935 867 978; x_wconf 82' lang='lat' dir='ltr'><strong>Stepphanus</strong></span> <span class='ocrx_word' id='word_1_139' title='bbox 902 936 943 968; x_wconf 88' lang='lat' dir='ltr'><strong>de</strong></span> <span class='ocrx_word' id='word_1_140' title='bbox 974 936 1271 979; x_wconf 79' lang='lat' dir='ltr'><strong>Herczogenburga</strong></span> <span class='ocrx_word' id='word_1_141' title='bbox 1306 937 1376 978; x_wconf 87' lang='lat' dir='ltr'><strong>pbr.</strong></span> <span class='ocrx_word' id='word_1_142' title='bbox 1405 940 1438 969; x_wconf 83' lang='lat' dir='ltr'><strong>et</strong></span> <span class='ocrx_word' id='word_1_143' title='bbox 1474 937 1512 969; x_wconf 81' lang='lat' dir='ltr'><strong>fr.</strong></span> <span class='ocrx_word' id='word_1_144' title='bbox 1534 948 1565 969; x_wconf 91' lang='grc' dir='ltr'><strong>ιι.</strong></span> <span class='ocrx_word' id='word_1_145' title='bbox 1592 938 1684 970; x_wconf 84' lang='grc'><strong>1468.</strong></span> <span class='ocrx_word' id='word_1_146' title='bbox 1742 937 1782 970; x_wconf 92' lang='lat' dir='ltr'><strong>D.</strong></span> <span class='ocrx_word' id='word_1_147' title='bbox 1807 937 2015 980; x_wconf 78' lang='lat' dir='ltr'><strong>Stepphanus</strong></span> 
     </span>
     <span class='ocr_line' id='line_1_17' title="bbox 661 987 2014 1030; baseline 0.002 -11"><span class='ocrx_word' id='word_1_148' title='bbox 661 987 784 1019; x_wconf 82' lang='lat' dir='ltr'><strong>Tolber</strong></span> <span class='ocrx_word' id='word_1_149' title='bbox 807 987 876 1030; x_wconf 91' lang='lat' dir='ltr'><strong>pbr.</strong></span> <span class='ocrx_word' id='word_1_150' title='bbox 899 991 932 1020; x_wconf 85' lang='lat' dir='ltr'><strong>et</strong></span> <span class='ocrx_word' id='word_1_151' title='bbox 955 999 1025 1020; x_wconf 83' lang='lat' dir='ltr'><strong>can.</strong></span> <span class='ocrx_word' id='word_1_152' title='bbox 1047 992 1141 1020; x_wconf 78' lang='lat' dir='ltr'><strong>extra</strong></span> <span class='ocrx_word' id='word_1_153' title='bbox 1164 999 1272 1020; x_wconf 83' lang='lat' dir='ltr'><strong>muros</strong></span> <span class='ocrx_word' id='word_1_154' title='bbox 1295 988 1447 1030; x_wconf 77' lang='lat' dir='ltr'><strong>Patavie‚</strong></span> <span class='ocrx_word' id='word_1_155' title='bbox 1478 989 1535 1022; x_wconf 86' lang='lat' dir='ltr'><strong>cfr.</strong></span> <span class='ocrx_word' id='word_1_156' title='bbox 1558 1000 1588 1021; x_wconf 91' lang='grc' dir='ltr'><strong>ιι.</strong></span> <span class='ocrx_word' id='word_1_157' title='bbox 1633 989 1686 1021; x_wconf 91' lang='lat' dir='ltr'><strong>Fr.</strong></span> <span class='ocrx_word' id='word_1_158' title='bbox 1703 989 1823 1022; x_wconf 87' lang='lat' dir='ltr'><strong>Petrus</strong></span> <span class='ocrx_word' id='word_1_159' title='bbox 1846 999 1892 1022; x_wconf 88' lang='lat' dir='ltr'><strong>cv.</strong></span> <span class='ocrx_word' id='word_1_160' title='bbox 1916 992 1950 1022; x_wconf 92' lang='lat' dir='ltr'><strong>et</strong></span> <span class='ocrx_word' id='word_1_161' title='bbox 1971 999 2014 1021; x_wconf 91' lang='lat' dir='ltr'><strong>m.</strong></span> 
     </span>
    </p>
   </div>
   <div class='ocr_carea' id='block_1_4' title="bbox 658 1039 2016 1205">
    <p class='ocr_par' dir='ltr' id='par_1_4' title="bbox 658 1039 2016 1205">
     <span class='ocr_line' id='line_1_18' title="bbox 660 1039 2014 1081; baseline 0.002 -11"><span class='ocrx_word' id='word_1_162' title='bbox 660 1040 691 1070; x_wconf 92' lang='lat' dir='ltr'><strong>in</strong></span> <span class='ocrx_word' id='word_1_163' title='bbox 714 1039 933 1081; x_wconf 72' lang='lat' dir='ltr'><strong>Tegermsee,</strong></span> <span class='ocrx_word' id='word_1_164' title='bbox 964 1040 1020 1072; x_wconf 86' lang='lat' dir='ltr'><strong>cfr.</strong></span> <span class='ocrx_word' id='word_1_165' title='bbox 1037 1051 1068 1072; x_wconf 91' lang='grc' dir='ltr'><strong>ιι.</strong></span> <span class='ocrx_word' id='word_1_166' title='bbox 1114 1039 1166 1072; x_wconf 87' lang='lat' dir='ltr'><strong>Fr.</strong></span> <span class='ocrx_word' id='word_1_167' title='bbox 1183 1040 1347 1072; x_wconf 78' lang='lat' dir='ltr'><strong>Iohannes</strong></span> <span class='ocrx_word' id='word_1_168' title='bbox 1370 1039 1504 1073; x_wconf 85' lang='lat' dir='ltr'><strong>Stebrer</strong></span> <span class='ocrx_word' id='word_1_169' title='bbox 1526 1050 1593 1073; x_wconf 82' lang='lat' dir='ltr'><strong>acc.</strong></span> <span class='ocrx_word' id='word_1_170' title='bbox 1610 1040 1651 1073; x_wconf 88' lang='lat' dir='ltr'><strong>de</strong></span> <span class='ocrx_word' id='word_1_171' title='bbox 1674 1040 1712 1073; x_wconf 73' lang='lat'><strong>8⁰</strong></span> <span class='ocrx_word' id='word_1_172' title='bbox 1730 1040 1878 1081; x_wconf 81' lang='lat' dir='ltr'><strong>Andrea‚</strong></span> <span class='ocrx_word' id='word_1_173' title='bbox 1909 1040 1966 1073; x_wconf 76' lang='lat' dir='ltr'><strong>cfr.</strong></span> <span class='ocrx_word' id='word_1_174' title='bbox 1982 1051 2014 1074; x_wconf 93' lang='grc' dir='ltr'><strong>ιι.</strong></span> 
     </span>
     <span class='ocr_line' id='line_1_19' title="bbox 659 1090 2016 1127; baseline 0.001 -10"><span class='ocrx_word' id='word_1_175' title='bbox 659 1090 693 1117; x_wconf 93' lang='lat' dir='ltr'><strong>D.</strong></span> <span class='ocrx_word' id='word_1_176' title='bbox 707 1090 855 1118; x_wconf 76' lang='lat' dir='ltr'><strong>Udalricus</strong></span> <span class='ocrx_word' id='word_1_177' title='bbox 873 1090 1084 1119; x_wconf 86' lang='lat' dir='ltr'><strong>Schelkhueber</strong></span> <span class='ocrx_word' id='word_1_178' title='bbox 1102 1091 1178 1126; x_wconf 84' lang='lat' dir='ltr'><strong>pleb.</strong></span> <span class='ocrx_word' id='word_1_179' title='bbox 1192 1091 1221 1118; x_wconf 89' lang='lat' dir='ltr'><strong>in</strong></span> <span class='ocrx_word' id='word_1_180' title='bbox 1241 1091 1478 1127; x_wconf 78' lang='lat' dir='ltr'><strong>Mitternngersch</strong></span> <span class='ocrx_word' id='word_1_181' title='bbox 1498 1094 1527 1120; x_wconf 82' lang='lat' dir='ltr'><strong>et</strong></span> <span class='ocrx_word' id='word_1_182' title='bbox 1545 1091 1593 1119; x_wconf 85' lang='lat' dir='ltr'><strong>cfr.</strong></span> <span class='ocrx_word' id='word_1_183' title='bbox 1606 1101 1632 1119; x_wconf 88' lang='grc' dir='ltr'><strong>ιι.</strong></span> <span class='ocrx_word' id='word_1_184' title='bbox 1669 1091 1728 1126; x_wconf 79' lang='lat' dir='ltr'><strong>D.¹²)</strong></span> <span class='ocrx_word' id='word_1_185' title='bbox 1744 1091 1850 1120; x_wconf 84' lang='lat' dir='ltr'><strong>Ieorius</strong></span> <span class='ocrx_word' id='word_1_186' title='bbox 1863 1091 2016 1120; x_wconf 70' lang='lat' dir='ltr'><strong>Lintacher</strong></span> 
     </span>
     <span class='ocr_line' id='line_1_20' title="bbox 658 1134 2014 1170; baseline 0.001 -9"><span class='ocrx_word' id='word_1_187' title='bbox 658 1134 734 1168; x_wconf 87' lang='lat' dir='ltr'><strong>pleb.</strong></span> <span class='ocrx_word' id='word_1_188' title='bbox 749 1134 778 1160; x_wconf 91' lang='lat' dir='ltr'><strong>in</strong></span> <span class='ocrx_word' id='word_1_189' title='bbox 795 1134 927 1169; x_wconf 85' lang='lat' dir='ltr'><strong>Ampfing</strong></span> <span class='ocrx_word' id='word_1_190' title='bbox 946 1136 975 1162; x_wconf 80' lang='lat' dir='ltr'><strong>et</strong></span> <span class='ocrx_word' id='word_1_191' title='bbox 991 1135 1040 1162; x_wconf 79' lang='lat' dir='ltr'><strong>cfr.</strong></span> <span class='ocrx_word' id='word_1_192' title='bbox 1054 1143 1080 1162; x_wconf 92' lang='grc' dir='ltr'><strong>ιι.</strong></span> <span class='ocrx_word' id='word_1_193' title='bbox 1118 1134 1162 1161; x_wconf 86' lang='lat' dir='ltr'><strong>Fr.</strong></span> <span class='ocrx_word' id='word_1_194' title='bbox 1174 1134 1292 1162; x_wconf 84' lang='lat' dir='ltr'><strong>Ksrolus</strong></span> <span class='ocrx_word' id='word_1_195' title='bbox 1305 1134 1425 1163; x_wconf 82' lang='lat' dir='ltr'><strong>Schiltel</strong></span> <span class='ocrx_word' id='word_1_196' title='bbox 1442 1144 1512 1162; x_wconf 87' lang='lat' dir='ltr'><strong>unus</strong></span> <span class='ocrx_word' id='word_1_197' title='bbox 1531 1135 1566 1163; x_wconf 89' lang='lat' dir='ltr'><strong>de</strong></span> <span class='ocrx_word' id='word_1_198' title='bbox 1583 1135 1740 1163; x_wconf 78' lang='lat' dir='ltr'><strong>senioribus</strong></span> <span class='ocrx_word' id='word_1_199' title='bbox 1758 1135 1820 1170; x_wconf 90' lang='lat' dir='ltr'><strong>pbr.</strong></span> <span class='ocrx_word' id='word_1_200' title='bbox 1833 1134 1863 1162; x_wconf 87' lang='lat' dir='ltr'><strong>in</strong></span> <span class='ocrx_word' id='word_1_201' title='bbox 1876 1135 2014 1170; x_wconf 64' lang='lat' dir='ltr'><strong>Tegeaee</strong></span> 
     </span>
     <span class='ocr_line' id='line_1_21' title="bbox 661 1177 798 1205; baseline 0 -1"><span class='ocrx_word' id='word_1_202' title='bbox 661 1179 690 1205; x_wconf 83' lang='lat' dir='ltr'><strong>et</strong></span> <span class='ocrx_word' id='word_1_203' title='bbox 710 1177 758 1204; x_wconf 77' lang='lat' dir='ltr'><strong>cfr.</strong></span> <span class='ocrx_word' id='word_1_204' title='bbox 772 1187 798 1205; x_wconf 96' lang='grc' dir='ltr'><strong>ιι.</strong></span> 
     </span>
    </p>
   </div>
   <div class='ocr_carea' id='block_1_5' title="bbox 363 1229 2015 1271">
    <p class='ocr_par' dir='ltr' id='par_1_5' title="bbox 363 1229 2015 1271">
     <span class='ocr_line' id='line_1_22' title="bbox 363 1229 2015 1271; baseline 0.002 -11"><span class='ocrx_word' id='word_1_205' title='bbox 363 1235 387 1260; x_wconf 84' lang='grc'><strong>6.</strong></span> <span class='ocrx_word' id='word_1_206' title='bbox 428 1234 554 1262; x_wconf 84' lang='lat' dir='ltr'><strong>V111.id.</strong></span> <span class='ocrx_word' id='word_1_207' title='bbox 605 1229 763 1262; x_wconf 86' lang='lat' dir='ltr'><strong>Herlint</strong></span> <span class='ocrx_word' id='word_1_208' title='bbox 787 1230 832 1262; x_wconf 90' lang='lat' dir='ltr'><strong>de</strong></span> <span class='ocrx_word' id='word_1_209' title='bbox 857 1229 1145 1271; x_wconf 89' lang='lat' dir='ltr'><strong>Ochsenburch‚</strong></span> <span class='ocrx_word' id='word_1_210' title='bbox 1174 1230 1322 1262; x_wconf 79' lang='lat' dir='ltr'><strong>oblatio</strong></span> <span class='ocrx_word' id='word_1_211' title='bbox 1347 1233 1428 1267; x_wconf 65' lang='lat'><strong>300)</strong></span> <span class='ocrx_word' id='word_1_212' title='bbox 1471 1230 1663 1263; x_wconf 86' lang='lat' dir='ltr'><strong>Gedrudis</strong></span> <span class='ocrx_word' id='word_1_213' title='bbox 1685 1236 1748 1263; x_wconf 71' lang='lat' dir='ltr'><strong>cv·</strong></span> <span class='ocrx_word' id='word_1_214' title='bbox 1770 1230 2015 1264; x_wconf 82' lang='lat' dir='ltr'><strong>Secoviensis</strong></span> 
     </span>
    </p>
   </div>
   <div class='ocr_carea' id='block_1_6' title="bbox 363 2064 389 2092">
    <p class='ocr_par' dir='ltr' id='par_1_6' title="bbox 363 2064 389 2092">
     <span class='ocr_line' id='line_1_23' title="bbox 363 2064 389 2092; baseline 0.077 -2"><span class='ocrx_word' id='word_1_215' title='bbox 363 2064 389 2092; x_wconf 89' lang='lat'><strong>7.</strong></span> 
     </span>
    </p>
   </div>
   <div class='ocr_carea' id='block_1_7' title="bbox 658 1281 2016 1843">
    <p class='ocr_par' dir='ltr' id='par_1_7' title="bbox 658 1281 2016 1843">
     <span class='ocr_line' id='line_1_24' title="bbox 658 1281 2014 1325; baseline 0.001 -11"><span class='ocrx_word' id='word_1_216' title='bbox 658 1286 696 1314; x_wconf 88' lang='lat' dir='ltr'><strong>et</strong></span> <span class='ocrx_word' id='word_1_217' title='bbox 719 1293 790 1314; x_wconf 86' lang='lat' dir='ltr'><strong>sor.</strong></span> <span class='ocrx_word' id='word_1_218' title='bbox 808 1293 838 1314; x_wconf 92' lang='lat' dir='ltr'><strong>n.</strong></span> <span class='ocrx_word' id='word_1_219' title='bbox 878 1281 1134 1325; x_wconf 83' lang='lat' dir='ltr'><strong>[Othacharus</strong></span> <span class='ocrx_word' id='word_1_220' title='bbox 1157 1281 1242 1314; x_wconf 81' lang='lat' dir='ltr'><strong>abb.</strong></span> <span class='ocrx_word' id='word_1_221' title='bbox 1259 1283 1428 1315; x_wconf 82' lang='lat' dir='ltr'><strong>ecclesie</strong></span> <span class='ocrx_word' id='word_1_222' title='bbox 1452 1283 1488 1314; x_wconf 93' lang='lat' dir='ltr'><strong>in</strong></span> <span class='ocrx_word' id='word_1_223' title='bbox 1505 1282 1646 1325; x_wconf 80' lang='lat' dir='ltr'><strong>Campo</strong></span> <span class='ocrx_word' id='word_1_224' title='bbox 1662 1283 1880 1325; x_wconf 82' lang='lat' dir='ltr'><strong>liliorum²)‚</strong></span> <span class='ocrx_word' id='word_1_225' title='bbox 1904 1283 1970 1316; x_wconf 79' lang='lat' dir='ltr'><strong>cfr.</strong></span> <span class='ocrx_word' id='word_1_226' title='bbox 1983 1294 2014 1316; x_wconf 95' lang='grc' dir='ltr'><strong>ιι.</strong></span> 
     </span>
     <span class='ocr_line' id='line_1_25' title="bbox 662 1333 2016 1380; baseline 0.002 -15"><span class='ocrx_word' id='word_1_227' title='bbox 662 1333 862 1366; x_wconf 78' lang='lat' dir='ltr'><strong>Steffanus</strong></span> <span class='ocrx_word' id='word_1_228' title='bbox 885 1334 1056 1366; x_wconf 83' lang='lat' dir='ltr'><strong>subdiac.</strong></span> <span class='ocrx_word' id='word_1_229' title='bbox 1074 1334 1120 1366; x_wconf 86' lang='lat' dir='ltr'><strong>de</strong></span> <span class='ocrx_word' id='word_1_230' title='bbox 1143 1333 1184 1366; x_wconf 84' lang='lat' dir='ltr'><strong>S·</strong></span> <span class='ocrx_word' id='word_1_231' title='bbox 1207 1334 1328 1367; x_wconf 81' lang='lat' dir='ltr'><strong>Cruce</strong></span> <span class='ocrx_word' id='word_1_232' title='bbox 1352 1337 1391 1367; x_wconf 89' lang='lat' dir='ltr'><strong>et</strong></span> <span class='ocrx_word' id='word_1_233' title='bbox 1413 1334 1478 1367; x_wconf 87' lang='lat' dir='ltr'><strong>cfr.</strong></span> <span class='ocrx_word' id='word_1_234' title='bbox 1496 1346 1526 1366; x_wconf 93' lang='lat' dir='ltr'><strong>n.</strong></span> <span class='ocrx_word' id='word_1_235' title='bbox 1571 1334 1763 1367; x_wconf 82' lang='lat' dir='ltr'><strong>Achacius</strong></span> <span class='ocrx_word' id='word_1_236' title='bbox 1786 1334 1833 1367; x_wconf 79' lang='lat' dir='ltr'><strong>de</strong></span> <span class='ocrx_word' id='word_1_237' title='bbox 1856 1334 2016 1380; x_wconf 69' lang='lat' dir='ltr'><strong>Wienua</strong></span> 
     </span>
     <span class='ocr_line' id='line_1_26' title="bbox 660 1385 2015 1428; baseline 0.001 -11"><span class='ocrx_word' id='word_1_238' title='bbox 660 1386 738 1428; x_wconf 89' lang='lat' dir='ltr'><strong>pbr.</strong></span> <span class='ocrx_word' id='word_1_239' title='bbox 760 1390 798 1418; x_wconf 86' lang='lat' dir='ltr'><strong>et</strong></span> <span class='ocrx_word' id='word_1_240' title='bbox 829 1386 870 1418; x_wconf 81' lang='lat' dir='ltr'><strong>fr.</strong></span> <span class='ocrx_word' id='word_1_241' title='bbox 893 1397 923 1418; x_wconf 92' lang='lat' dir='ltr'><strong>n.</strong></span> <span class='ocrx_word' id='word_1_242' title='bbox 975 1386 1084 1419; x_wconf 78' lang='lat' dir='ltr'><strong>Anna</strong></span> <span class='ocrx_word' id='word_1_243' title='bbox 1114 1386 1159 1419; x_wconf 85' lang='lat' dir='ltr'><strong>de</strong></span> <span class='ocrx_word' id='word_1_244' title='bbox 1183 1385 1376 1419; x_wconf 84' lang='lat' dir='ltr'><strong>Goetbico</strong></span> <span class='ocrx_word' id='word_1_245' title='bbox 1403 1386 1490 1427; x_wconf 64' lang='lat' dir='ltr'><strong>mm,</strong></span> <span class='ocrx_word' id='word_1_246' title='bbox 1523 1396 1668 1418; x_wconf 86' lang='lat' dir='ltr'><strong>consor.</strong></span> <span class='ocrx_word' id='word_1_247' title='bbox 1689 1397 1720 1418; x_wconf 94' lang='grc' dir='ltr'><strong>ιι.</strong></span> <span class='ocrx_word' id='word_1_248' title='bbox 1771 1385 2015 1419; x_wconf 77' lang='lat' dir='ltr'><strong>Haertwicue</strong></span> 
     </span>
     <span class='ocr_line' id='line_1_27' title="bbox 660 1437 2015 1481; baseline 0.001 -12"><span class='ocrx_word' id='word_1_249' title='bbox 660 1438 826 1470; x_wconf 87' lang='lat' dir='ltr'><strong>ecclesie</strong></span> <span class='ocrx_word' id='word_1_250' title='bbox 858 1437 886 1469; x_wconf 87' lang='lat' dir='ltr'><strong>s¹</strong></span> <span class='ocrx_word' id='word_1_251' title='bbox 910 1438 1061 1470; x_wconf 82' lang='lat' dir='ltr'><strong>Nicolai</strong></span> <span class='ocrx_word' id='word_1_252' title='bbox 1090 1441 1201 1471; x_wconf 76' lang='lat' dir='ltr'><strong>extre</strong></span> <span class='ocrx_word' id='word_1_253' title='bbox 1230 1449 1357 1470; x_wconf 91' lang='lat' dir='ltr'><strong>muros</strong></span> <span class='ocrx_word' id='word_1_254' title='bbox 1380 1438 1512 1470; x_wconf 80' lang='lat' dir='ltr'><strong>Patav.</strong></span> <span class='ocrx_word' id='word_1_255' title='bbox 1533 1438 1611 1481; x_wconf 87' lang='lat' dir='ltr'><strong>pbr.</strong></span> <span class='ocrx_word' id='word_1_256' title='bbox 1634 1440 1672 1470; x_wconf 88' lang='lat' dir='ltr'><strong>et</strong></span> <span class='ocrx_word' id='word_1_257' title='bbox 1698 1438 1762 1470; x_wconf 85' lang='lat' dir='ltr'><strong>cfr.</strong></span> <span class='ocrx_word' id='word_1_258' title='bbox 1785 1449 1815 1470; x_wconf 94' lang='lat' dir='ltr'><strong>n.</strong></span> <span class='ocrx_word' id='word_1_259' title='bbox 1862 1437 2015 1471; x_wconf 81' lang='lat' dir='ltr'><strong>Ulricus</strong></span> 
     </span>
     <span class='ocr_line' id='line_1_28' title="bbox 662 1489 2015 1532; baseline 0.002 -11"><span class='ocrx_word' id='word_1_260' title='bbox 662 1490 842 1522; x_wconf 87' lang='lat' dir='ltr'><strong>Osenbek</strong></span> <span class='ocrx_word' id='word_1_261' title='bbox 871 1490 916 1522; x_wconf 88' lang='lat' dir='ltr'><strong>dc</strong></span> <span class='ocrx_word' id='word_1_262' title='bbox 940 1489 1173 1532; x_wconf 79' lang='lat' dir='ltr'><strong>Neunburga</strong></span> <span class='ocrx_word' id='word_1_263' title='bbox 1203 1490 1279 1532; x_wconf 92' lang='lat' dir='ltr'><strong>pbr.</strong></span> <span class='ocrx_word' id='word_1_264' title='bbox 1302 1493 1340 1522; x_wconf 89' lang='lat' dir='ltr'><strong>et</strong></span> <span class='ocrx_word' id='word_1_265' title='bbox 1367 1490 1432 1522; x_wconf 87' lang='lat' dir='ltr'><strong>cfr.</strong></span> <span class='ocrx_word' id='word_1_266' title='bbox 1454 1500 1484 1521; x_wconf 93' lang='lat' dir='ltr'><strong>n.</strong></span> <span class='ocrx_word' id='word_1_267' title='bbox 1530 1489 1791 1532; x_wconf 77' lang='lat' dir='ltr'><strong>Wilhelmus0)</strong></span> <span class='ocrx_word' id='word_1_268' title='bbox 1815 1489 2015 1524; x_wconf 81' lang='lat' dir='ltr'><strong>Walchue—</strong></span> 
     </span>
     <span class='ocr_line' id='line_1_29' title="bbox 662 1540 2013 1585; baseline 0.001 -12"><span class='ocrx_word' id='word_1_269' title='bbox 662 1541 784 1583; x_wconf 72' lang='lat' dir='ltr'><strong>niusd)</strong></span> <span class='ocrx_word' id='word_1_270' title='bbox 809 1543 846 1573; x_wconf 88' lang='lat' dir='ltr'><strong>in</strong></span> <span class='ocrx_word' id='word_1_271' title='bbox 863 1541 1106 1584; x_wconf 81' lang='lat' dir='ltr'><strong>Altenburga</strong></span> <span class='ocrx_word' id='word_1_272' title='bbox 1128 1541 1208 1584; x_wconf 86' lang='lat' dir='ltr'><strong>pbr.</strong></span> <span class='ocrx_word' id='word_1_273' title='bbox 1225 1545 1263 1574; x_wconf 84' lang='lat' dir='ltr'><strong>et</strong></span> <span class='ocrx_word' id='word_1_274' title='bbox 1286 1542 1349 1574; x_wconf 84' lang='lat' dir='ltr'><strong>cfr.</strong></span> <span class='ocrx_word' id='word_1_275' title='bbox 1365 1540 1410 1585; x_wconf 89' lang='grc' dir='ltr'><strong>ιι.]</strong></span> <span class='ocrx_word' id='word_1_276' title='bbox 1455 1541 1606 1574; x_wconf 82' lang='lat' dir='ltr'><strong>Andreas</strong></span> <span class='ocrx_word' id='word_1_277' title='bbox 1629 1541 1733 1574; x_wconf 90' lang='lat' dir='ltr'><strong>dictus</strong></span> <span class='ocrx_word' id='word_1_278' title='bbox 1748 1541 1908 1574; x_wconf 87' lang='lat' dir='ltr'><strong>Rusterus</strong></span> <span class='ocrx_word' id='word_1_279' title='bbox 1927 1542 1966 1575; x_wconf 85' lang='lat' dir='ltr'><strong>fr.</strong></span> <span class='ocrx_word' id='word_1_280' title='bbox 1983 1553 2013 1575; x_wconf 92' lang='grc' dir='ltr'><strong>ιι.</strong></span> 
     </span>
     <span class='ocr_line' id='line_1_30' title="bbox 661 1593 2015 1637; baseline 0.001 -12"><span class='ocrx_word' id='word_1_281' title='bbox 661 1593 713 1625; x_wconf 81' lang='lat' dir='ltr'><strong>Fr.</strong></span> <span class='ocrx_word' id='word_1_282' title='bbox 735 1594 943 1626; x_wconf 80' lang='lat' dir='ltr'><strong>Hermannus</strong></span> <span class='ocrx_word' id='word_1_283' title='bbox 973 1604 1038 1626; x_wconf 77' lang='lat' dir='ltr'><strong>sac.</strong></span> <span class='ocrx_word' id='word_1_284' title='bbox 1061 1597 1094 1626; x_wconf 87' lang='lat' dir='ltr'><strong>et</strong></span> <span class='ocrx_word' id='word_1_285' title='bbox 1123 1605 1164 1626; x_wconf 93' lang='lat' dir='ltr'><strong>m.</strong></span> <span class='ocrx_word' id='word_1_286' title='bbox 1189 1593 1230 1626; x_wconf 89' lang='lat' dir='ltr'><strong>de</strong></span> <span class='ocrx_word' id='word_1_287' title='bbox 1259 1593 1384 1637; x_wconf 80' lang='lat' dir='ltr'><strong>Campo</strong></span> <span class='ocrx_word' id='word_1_288' title='bbox 1411 1594 1566 1636; x_wconf 84' lang='lat' dir='ltr'><strong>liliorum,</strong></span> <span class='ocrx_word' id='word_1_289' title='bbox 1599 1594 1656 1626; x_wconf 86' lang='lat' dir='ltr'><strong>cfr.</strong></span> <span class='ocrx_word' id='word_1_290' title='bbox 1678 1605 1709 1626; x_wconf 93' lang='lat' dir='ltr'><strong>n.</strong></span> <span class='ocrx_word' id='word_1_291' title='bbox 1762 1594 1874 1627; x_wconf 81' lang='lat' dir='ltr'><strong>Simon</strong></span> <span class='ocrx_word' id='word_1_292' title='bbox 1901 1605 1948 1627; x_wconf 77' lang='lat' dir='ltr'><strong>ec.</strong></span> <span class='ocrx_word' id='word_1_293' title='bbox 1973 1594 2015 1627; x_wconf 92' lang='lat' dir='ltr'><strong>de</strong></span> 
     </span>
     <span class='ocr_line' id='line_1_31' title="bbox 663 1645 2013 1688; baseline 0.001 -11"><span class='ocrx_word' id='word_1_294' title='bbox 663 1645 792 1686; x_wconf 63' lang='lat' dir='ltr'><strong>Varew⁵</strong></span> <span class='ocrx_word' id='word_1_295' title='bbox 818 1646 874 1677; x_wconf 86' lang='lat' dir='ltr'><strong>cfr.</strong></span> <span class='ocrx_word' id='word_1_296' title='bbox 892 1657 921 1677; x_wconf 94' lang='lat' dir='ltr'><strong>n.</strong></span> <span class='ocrx_word' id='word_1_297' title='bbox 967 1645 1156 1678; x_wconf 80' lang='lat' dir='ltr'><strong>Cristannus</strong></span> <span class='ocrx_word' id='word_1_298' title='bbox 1179 1645 1220 1678; x_wconf 91' lang='lat' dir='ltr'><strong>de</strong></span> <span class='ocrx_word' id='word_1_299' title='bbox 1239 1645 1333 1678; x_wconf 81' lang='lat' dir='ltr'><strong>Nova</strong></span> <span class='ocrx_word' id='word_1_300' title='bbox 1349 1645 1441 1678; x_wconf 77' lang='lat' dir='ltr'><strong>Gella</strong></span> <span class='ocrx_word' id='word_1_301' title='bbox 1464 1645 1533 1688; x_wconf 87' lang='lat' dir='ltr'><strong>pbr.</strong></span> <span class='ocrx_word' id='word_1_302' title='bbox 1551 1649 1586 1678; x_wconf 89' lang='lat' dir='ltr'><strong>et</strong></span> <span class='ocrx_word' id='word_1_303' title='bbox 1607 1645 1663 1678; x_wconf 86' lang='lat' dir='ltr'><strong>cfr.</strong></span> <span class='ocrx_word' id='word_1_304' title='bbox 1680 1657 1711 1678; x_wconf 90' lang='lat' dir='ltr'><strong>n.</strong></span> <span class='ocrx_word' id='word_1_305' title='bbox 1757 1645 1920 1678; x_wconf 78' lang='lat' dir='ltr'><strong>Michahel</strong></span> <span class='ocrx_word' id='word_1_306' title='bbox 1943 1646 2013 1688; x_wconf 90' lang='lat' dir='ltr'><strong>pbr.</strong></span> 
     </span>
     <span class='ocr_line' id='line_1_32' title="bbox 662 1696 2016 1739; baseline 0.001 -10"><span class='ocrx_word' id='word_1_307' title='bbox 662 1696 693 1729; x_wconf 73' lang='lat' dir='ltr'><strong>Si</strong></span> <span class='ocrx_word' id='word_1_308' title='bbox 716 1697 873 1739; x_wconf 80' lang='lat' dir='ltr'><strong>Nycolay,</strong></span> <span class='ocrx_word' id='word_1_309' title='bbox 906 1697 962 1729; x_wconf 83' lang='lat' dir='ltr'><strong>cfr.</strong></span> <span class='ocrx_word' id='word_1_310' title='bbox 985 1708 1015 1729; x_wconf 92' lang='lat' dir='ltr'><strong>n.</strong></span> <span class='ocrx_word' id='word_1_311' title='bbox 1067 1697 1270 1739; x_wconf 61' lang='lat' dir='ltr'><strong>Curanduse)</strong></span> <span class='ocrx_word' id='word_1_312' title='bbox 1299 1697 1422 1729; x_wconf 88' lang='lat' dir='ltr'><strong>ibidem</strong></span> <span class='ocrx_word' id='word_1_313' title='bbox 1452 1697 1508 1729; x_wconf 84' lang='lat' dir='ltr'><strong>cfr.</strong></span> <span class='ocrx_word' id='word_1_314' title='bbox 1531 1708 1561 1729; x_wconf 91' lang='lat' dir='ltr'><strong>n.</strong></span> <span class='ocrx_word' id='word_1_315' title='bbox 1617 1696 1809 1730; x_wconf 80' lang='lat' dir='ltr'><strong>Goeswinus</strong></span> <span class='ocrx_word' id='word_1_316' title='bbox 1837 1708 1901 1730; x_wconf 75' lang='lat' dir='ltr'><strong>sac.</strong></span> <span class='ocrx_word' id='word_1_317' title='bbox 1922 1697 2016 1730; x_wconf 87' lang='lat' dir='ltr'><strong>mon¹¹</strong></span> 
     </span>
     <span class='ocr_line' id='line_1_33' title="bbox 663 1748 2013 1791; baseline 0.001 -11"><span class='ocrx_word' id='word_1_318' title='bbox 663 1748 699 1780; x_wconf 77' lang='lat' dir='ltr'><strong>S⁶</strong></span> <span class='ocrx_word' id='word_1_319' title='bbox 722 1749 890 1781; x_wconf 83' lang='lat' dir='ltr'><strong>Dorothee</strong></span> <span class='ocrx_word' id='word_1_320' title='bbox 914 1749 1069 1791; x_wconf 88' lang='lat' dir='ltr'><strong>Wienne,</strong></span> <span class='ocrx_word' id='word_1_321' title='bbox 1098 1750 1154 1781; x_wconf 83' lang='lat' dir='ltr'><strong>cfr.</strong></span> <span class='ocrx_word' id='word_1_322' title='bbox 1172 1760 1201 1781; x_wconf 93' lang='lat' dir='ltr'><strong>n.</strong></span> <span class='ocrx_word' id='word_1_323' title='bbox 1248 1749 1411 1781; x_wconf 84' lang='lat' dir='ltr'><strong>Iohannes</strong></span> <span class='ocrx_word' id='word_1_324' title='bbox 1434 1759 1498 1781; x_wconf 82' lang='lat' dir='ltr'><strong>sac.</strong></span> <span class='ocrx_word' id='word_1_325' title='bbox 1520 1752 1553 1781; x_wconf 91' lang='lat' dir='ltr'><strong>et</strong></span> <span class='ocrx_word' id='word_1_326' title='bbox 1575 1759 1617 1782; x_wconf 91' lang='lat' dir='ltr'><strong>m.</strong></span> <span class='ocrx_word' id='word_1_327' title='bbox 1639 1748 1680 1781; x_wconf 89' lang='lat' dir='ltr'><strong>de</strong></span> <span class='ocrx_word' id='word_1_328' title='bbox 1703 1748 1880 1790; x_wconf 83' lang='lat' dir='ltr'><strong>Gottwico‚</strong></span> <span class='ocrx_word' id='word_1_329' title='bbox 1910 1749 1967 1782; x_wconf 80' lang='lat' dir='ltr'><strong>cfr.</strong></span> <span class='ocrx_word' id='word_1_330' title='bbox 1983 1760 2013 1782; x_wconf 91' lang='grc' dir='ltr'><strong>ιι.</strong></span> 
     </span>
     <span class='ocr_line' id='line_1_34' title="bbox 661 1800 2013 1843; baseline 0.001 -11"><span class='ocrx_word' id='word_1_331' title='bbox 661 1800 824 1833; x_wconf 80' lang='lat' dir='ltr'><strong>Iohannes</strong></span> <span class='ocrx_word' id='word_1_332' title='bbox 847 1801 888 1833; x_wconf 91' lang='lat' dir='ltr'><strong>de</strong></span> <span class='ocrx_word' id='word_1_333' title='bbox 901 1801 1119 1833; x_wconf 81' lang='lat' dir='ltr'><strong>Walthausen</strong></span> <span class='ocrx_word' id='word_1_334' title='bbox 1142 1801 1212 1843; x_wconf 90' lang='lat' dir='ltr'><strong>pbr.</strong></span> <span class='ocrx_word' id='word_1_335' title='bbox 1229 1805 1263 1832; x_wconf 86' lang='lat' dir='ltr'><strong>et</strong></span> <span class='ocrx_word' id='word_1_336' title='bbox 1285 1801 1342 1833; x_wconf 85' lang='lat' dir='ltr'><strong>cfr.</strong></span> <span class='ocrx_word' id='word_1_337' title='bbox 1359 1812 1389 1832; x_wconf 92' lang='lat' dir='ltr'><strong>n.</strong></span> <span class='ocrx_word' id='word_1_338' title='bbox 1436 1800 1560 1843; x_wconf 78' lang='lat' dir='ltr'><strong>Gaspar</strong></span> <span class='ocrx_word' id='word_1_339' title='bbox 1575 1801 1763 1843; x_wconf 84' lang='lat' dir='ltr'><strong>Cophinger</strong></span> <span class='ocrx_word' id='word_1_340' title='bbox 1778 1800 1847 1843; x_wconf 88' lang='lat' dir='ltr'><strong>pbr.</strong></span> <span class='ocrx_word' id='word_1_341' title='bbox 1865 1804 1898 1833; x_wconf 89' lang='lat' dir='ltr'><strong>et</strong></span> <span class='ocrx_word' id='word_1_342' title='bbox 1913 1801 1969 1833; x_wconf 89' lang='lat' dir='ltr'><strong>cfr.</strong></span> <span class='ocrx_word' id='word_1_343' title='bbox 1982 1811 2013 1833; x_wconf 89' lang='lat' dir='ltr'><strong>n.</strong></span> 
     </span>
    </p>
   </div>
   <div class='ocr_carea' id='block_1_8' title="bbox 646 1851 2013 1895">
    <p class='ocr_par' dir='ltr' id='par_1_8' title="bbox 646 1851 2013 1895">
     <span class='ocr_line' id='line_1_35' title="bbox 646 1851 2013 1895; baseline 0.001 -11"><span class='ocrx_word' id='word_1_344' title='bbox 646 1852 823 1889; x_wconf 76' lang='lat' dir='ltr'><strong>Iohannes</strong></span> <span class='ocrx_word' id='word_1_345' title='bbox 846 1853 936 1895; x_wconf 81' lang='lat' dir='ltr'><strong>Rasp</strong></span> <span class='ocrx_word' id='word_1_346' title='bbox 963 1853 1074 1884; x_wconf 74' lang='lat' dir='ltr'><strong>&#39;senior</strong></span> <span class='ocrx_word' id='word_1_347' title='bbox 1102 1853 1134 1884; x_wconf 92' lang='lat' dir='ltr'><strong>in</strong></span> <span class='ocrx_word' id='word_1_348' title='bbox 1158 1852 1405 1895; x_wconf 88' lang='lat' dir='ltr'><strong>Reichensperg</strong></span> <span class='ocrx_word' id='word_1_349' title='bbox 1431 1852 1501 1894; x_wconf 90' lang='lat' dir='ltr'><strong>pbr.</strong></span> <span class='ocrx_word' id='word_1_350' title='bbox 1524 1855 1557 1884; x_wconf 89' lang='lat' dir='ltr'><strong>et</strong></span> <span class='ocrx_word' id='word_1_351' title='bbox 1580 1852 1636 1884; x_wconf 88' lang='lat' dir='ltr'><strong>cfr.</strong></span> <span class='ocrx_word' id='word_1_352' title='bbox 1652 1863 1683 1884; x_wconf 90' lang='grc' dir='ltr'><strong>ιι.</strong></span> <span class='ocrx_word' id='word_1_353' title='bbox 1729 1851 1769 1884; x_wconf 91' lang='lat' dir='ltr'><strong>D.</strong></span> <span class='ocrx_word' id='word_1_354' title='bbox 1785 1852 1950 1884; x_wconf 81' lang='lat' dir='ltr'><strong>Fabianus</strong></span> <span class='ocrx_word' id='word_1_355' title='bbox 1972 1852 2013 1885; x_wconf 88' lang='lat' dir='ltr'><strong>de</strong></span> 
     </span>
    </p>
   </div>
   <div class='ocr_carea' id='block_1_9' title="bbox 661 1903 2013 1947">
    <p class='ocr_par' dir='ltr' id='par_1_9' title="bbox 661 1903 2013 1947">
     <span class='ocr_line' id='line_1_36' title="bbox 661 1903 2013 1947; baseline 0.001 -11"><span class='ocrx_word' id='word_1_356' title='bbox 661 1903 910 1936; x_wconf 82' lang='lat' dir='ltr'><strong>Seittenstetten</strong></span> <span class='ocrx_word' id='word_1_357' title='bbox 935 1904 1004 1946; x_wconf 89' lang='lat' dir='ltr'><strong>pbr.</strong></span> <span class='ocrx_word' id='word_1_358' title='bbox 1023 1908 1056 1936; x_wconf 87' lang='lat' dir='ltr'><strong>et</strong></span> <span class='ocrx_word' id='word_1_359' title='bbox 1078 1905 1116 1936; x_wconf 86' lang='lat' dir='ltr'><strong>fr.</strong></span> <span class='ocrx_word' id='word_1_360' title='bbox 1133 1915 1163 1936; x_wconf 90' lang='lat' dir='ltr'><strong>n.</strong></span> <span class='ocrx_word' id='word_1_361' title='bbox 1210 1904 1458 1947; x_wconf 75' lang='lat' dir='ltr'><strong>Wolfgangus‘)</strong></span> <span class='ocrx_word' id='word_1_362' title='bbox 1480 1904 1550 1946; x_wconf 87' lang='lat' dir='ltr'><strong>pbr.</strong></span> <span class='ocrx_word' id='word_1_363' title='bbox 1567 1907 1601 1936; x_wconf 87' lang='lat' dir='ltr'><strong>et</strong></span> <span class='ocrx_word' id='word_1_364' title='bbox 1622 1914 1665 1936; x_wconf 90' lang='lat' dir='ltr'><strong>m.</strong></span> <span class='ocrx_word' id='word_1_365' title='bbox 1683 1903 1724 1936; x_wconf 87' lang='lat' dir='ltr'><strong>de</strong></span> <span class='ocrx_word' id='word_1_366' title='bbox 1747 1903 1888 1946; x_wconf 83' lang='lat' dir='ltr'><strong>Mellico,</strong></span> <span class='ocrx_word' id='word_1_367' title='bbox 1911 1904 1967 1936; x_wconf 84' lang='lat' dir='ltr'><strong>cfr.</strong></span> <span class='ocrx_word' id='word_1_368' title='bbox 1983 1916 2013 1938; x_wconf 92' lang='lat' dir='ltr'><strong>n.</strong></span> 
     </span>
    </p>
   </div>
   <div class='ocr_carea' id='block_1_10' title="bbox 660 1956 2012 2042">
    <p class='ocr_par' dir='ltr' id='par_1_10' title="bbox 660 1956 2012 2042">
     <span class='ocr_line' id='line_1_37' title="bbox 660 1956 2012 1999; baseline 0.002 -13"><span class='ocrx_word' id='word_1_369' title='bbox 660 1956 700 1987; x_wconf 94' lang='lat' dir='ltr'><strong>I).</strong></span> <span class='ocrx_word' id='word_1_370' title='bbox 714 1956 942 1998; x_wconf 82' lang='lat' dir='ltr'><strong>Wolffgangus</strong></span> <span class='ocrx_word' id='word_1_371' title='bbox 965 1956 1006 1988; x_wconf 88' lang='lat' dir='ltr'><strong>de</strong></span> <span class='ocrx_word' id='word_1_372' title='bbox 1022 1956 1270 1999; x_wconf 86' lang='lat' dir='ltr'><strong>Reichensperg</strong></span> <span class='ocrx_word' id='word_1_373' title='bbox 1292 1956 1362 1998; x_wconf 87' lang='lat' dir='ltr'><strong>pbr.</strong></span> <span class='ocrx_word' id='word_1_374' title='bbox 1380 1959 1414 1988; x_wconf 86' lang='lat' dir='ltr'><strong>et</strong></span> <span class='ocrx_word' id='word_1_375' title='bbox 1436 1956 1492 1988; x_wconf 76' lang='lat' dir='ltr'><strong>cfr.</strong></span> <span class='ocrx_word' id='word_1_376' title='bbox 1509 1967 1539 1988; x_wconf 93' lang='lat' dir='ltr'><strong>n.</strong></span> <span class='ocrx_word' id='word_1_377' title='bbox 1585 1961 1618 1988; x_wconf 91' lang='lat' dir='ltr'><strong>D.</strong></span> <span class='ocrx_word' id='word_1_378' title='bbox 1631 1959 1750 1988; x_wconf 86' lang='lat' dir='ltr'><strong>Georius</strong></span> <span class='ocrx_word' id='word_1_379' title='bbox 1767 1960 1852 1995; x_wconf 86' lang='lat' dir='ltr'><strong>Seydl</strong></span> <span class='ocrx_word' id='word_1_380' title='bbox 1867 1961 1902 1988; x_wconf 88' lang='lat' dir='ltr'><strong>de</strong></span> <span class='ocrx_word' id='word_1_381' title='bbox 1917 1961 1951 1988; x_wconf 88' lang='lat' dir='ltr'><strong>S⁰</strong></span> <span class='ocrx_word' id='word_1_382' title='bbox 1966 1961 2012 1989; x_wconf 89' lang='lat' dir='ltr'><strong>Ze-</strong></span> 
     </span>
     <span class='ocr_line' id='line_1_38' title="bbox 663 2006 1728 2042; baseline -0.001 -8"><span class='ocrx_word' id='word_1_383' title='bbox 663 2016 734 2035; x_wconf 90' lang='lat' dir='ltr'><strong>none</strong></span> <span class='ocrx_word' id='word_1_384' title='bbox 752 2007 814 2042; x_wconf 87' lang='lat' dir='ltr'><strong>pbr.</strong></span> <span class='ocrx_word' id='word_1_385' title='bbox 827 2009 857 2035; x_wconf 88' lang='lat' dir='ltr'><strong>et</strong></span> <span class='ocrx_word' id='word_1_386' title='bbox 875 2007 924 2035; x_wconf 87' lang='lat' dir='ltr'><strong>cfr.</strong></span> <span class='ocrx_word' id='word_1_387' title='bbox 939 2017 964 2034; x_wconf 88' lang='lat' dir='ltr'><strong>n.</strong></span> <span class='ocrx_word' id='word_1_388' title='bbox 1001 2007 1034 2035; x_wconf 93' lang='lat' dir='ltr'><strong>D.</strong></span> <span class='ocrx_word' id='word_1_389' title='bbox 1048 2007 1143 2035; x_wconf 87' lang='lat' dir='ltr'><strong>Simon</strong></span> <span class='ocrx_word' id='word_1_390' title='bbox 1162 2007 1309 2035; x_wconf 74' lang='lat' dir='ltr'><strong>Haemerel</strong></span> <span class='ocrx_word' id='word_1_391' title='bbox 1327 2007 1389 2042; x_wconf 88' lang='lat' dir='ltr'><strong>pbr.</strong></span> <span class='ocrx_word' id='word_1_392' title='bbox 1402 2007 1576 2035; x_wconf 80' lang='lat' dir='ltr'><strong>Secoviensis</strong></span> <span class='ocrx_word' id='word_1_393' title='bbox 1594 2009 1624 2034; x_wconf 86' lang='lat' dir='ltr'><strong>et</strong></span> <span class='ocrx_word' id='word_1_394' title='bbox 1642 2006 1690 2034; x_wconf 79' lang='lat' dir='ltr'><strong>cfr.</strong></span> <span class='ocrx_word' id='word_1_395' title='bbox 1703 2015 1728 2034; x_wconf 88' lang='grc' dir='ltr'><strong>ιι.</strong></span> 
     </span>
    </p>
   </div>
   <div class='ocr_carea' id='block_1_11' title="bbox 448 2058 2012 2102">
    <p class='ocr_par' dir='ltr' id='par_1_11' title="bbox 448 2058 2012 2102">
     <span class='ocr_line' id='line_1_39' title="bbox 448 2058 2012 2102; baseline 0.001 -12"><span class='ocrx_word' id='word_1_396' title='bbox 448 2064 507 2091; x_wconf 75' lang='lat' dir='ltr'><strong>VII.</strong></span> <span class='ocrx_word' id='word_1_397' title='bbox 521 2064 558 2091; x_wconf 90' lang='lat' dir='ltr'><strong>id.</strong></span> <span class='ocrx_word' id='word_1_398' title='bbox 610 2060 818 2092; x_wconf 89' lang='lat' dir='ltr'><strong>Heinricus</strong></span> <span class='ocrx_word' id='word_1_399' title='bbox 841 2060 1024 2102; x_wconf 81' lang='lat' dir='ltr'><strong>subdyac.</strong></span> <span class='ocrx_word' id='word_1_400' title='bbox 1046 2063 1084 2092; x_wconf 88' lang='lat' dir='ltr'><strong>et</strong></span> <span class='ocrx_word' id='word_1_401' title='bbox 1107 2060 1148 2092; x_wconf 85' lang='lat' dir='ltr'><strong>fr.</strong></span> <span class='ocrx_word' id='word_1_402' title='bbox 1169 2071 1199 2092; x_wconf 91' lang='grc' dir='ltr'><strong>ιι.</strong></span> <span class='ocrx_word' id='word_1_403' title='bbox 1244 2059 1439 2092; x_wconf 83' lang='lat' dir='ltr'><strong>Michahel</strong></span> <span class='ocrx_word' id='word_1_404' title='bbox 1467 2059 1514 2091; x_wconf 92' lang='lat' dir='ltr'><strong>de</strong></span> <span class='ocrx_word' id='word_1_405' title='bbox 1538 2058 1698 2091; x_wconf 83' lang='lat' dir='ltr'><strong>Secovia</strong></span> <span class='ocrx_word' id='word_1_406' title='bbox 1728 2058 1804 2101; x_wconf 86' lang='lat' dir='ltr'><strong>pbr.</strong></span> <span class='ocrx_word' id='word_1_407' title='bbox 1828 2061 1868 2091; x_wconf 84' lang='lat' dir='ltr'><strong>et</strong></span> <span class='ocrx_word' id='word_1_408' title='bbox 1895 2059 1960 2091; x_wconf 85' lang='lat' dir='ltr'><strong>cfr.</strong></span> <span class='ocrx_word' id='word_1_409' title='bbox 1981 2070 2012 2092; x_wconf 86' lang='grc' dir='ltr'><strong>ιι.</strong></span> 
     </span>
    </p>
   </div>
   <div class='ocr_carea' id='block_1_12' title="bbox 661 2110 2012 2206">
    <p class='ocr_par' dir='ltr' id='par_1_12' title="bbox 661 2110 2012 2206">
     <span class='ocr_line' id='line_1_40' title="bbox 661 2110 2012 2155; baseline -0.001 -11"><span class='ocrx_word' id='word_1_410' title='bbox 661 2111 909 2144; x_wconf 87' lang='lat' dir='ltr'><strong>Eberhardus</strong></span> <span class='ocrx_word' id='word_1_411' title='bbox 932 2112 1010 2154; x_wconf 87' lang='lat' dir='ltr'><strong>pbr.</strong></span> <span class='ocrx_word' id='word_1_412' title='bbox 1029 2115 1067 2144; x_wconf 88' lang='lat' dir='ltr'><strong>et</strong></span> <span class='ocrx_word' id='word_1_413' title='bbox 1089 2112 1131 2144; x_wconf 82' lang='lat' dir='ltr'><strong>fr.</strong></span> <span class='ocrx_word' id='word_1_414' title='bbox 1147 2123 1179 2144; x_wconf 93' lang='grc' dir='ltr'><strong>ιι.</strong></span> <span class='ocrx_word' id='word_1_415' title='bbox 1226 2111 1446 2155; x_wconf 84' lang='lat' dir='ltr'><strong>[Hainricus</strong></span> <span class='ocrx_word' id='word_1_416' title='bbox 1468 2110 1548 2154; x_wconf 87' lang='lat' dir='ltr'><strong>pbr.</strong></span> <span class='ocrx_word' id='word_1_417' title='bbox 1566 2111 1729 2143; x_wconf 87' lang='lat' dir='ltr'><strong>ecclesie</strong></span> <span class='ocrx_word' id='word_1_418' title='bbox 1752 2110 2012 2153; x_wconf 82' lang='lat' dir='ltr'><strong>Medlicensis,</strong></span> 
     </span>
     <span class='ocr_line' id='line_1_41' title="bbox 662 2162 2012 2206; baseline 0.001 -11"><span class='ocrx_word' id='word_1_419' title='bbox 662 2164 726 2195; x_wconf 88' lang='lat' dir='ltr'><strong>cfr.</strong></span> <span class='ocrx_word' id='word_1_420' title='bbox 740 2175 770 2196; x_wconf 90' lang='lat' dir='ltr'><strong>n.</strong></span> <span class='ocrx_word' id='word_1_421' title='bbox 814 2164 1005 2196; x_wconf 82' lang='lat' dir='ltr'><strong>Iohannes</strong></span> <span class='ocrx_word' id='word_1_422' title='bbox 1021 2163 1290 2206; x_wconf 88' lang='lat' dir='ltr'><strong>Iudenburger</strong></span> <span class='ocrx_word' id='word_1_423' title='bbox 1309 2163 1354 2195; x_wconf 85' lang='lat' dir='ltr'><strong>de</strong></span> <span class='ocrx_word' id='word_1_424' title='bbox 1371 2162 1532 2195; x_wconf 79' lang='lat' dir='ltr'><strong>Staencz</strong></span> <span class='ocrx_word' id='word_1_425' title='bbox 1552 2162 1630 2205; x_wconf 90' lang='lat' dir='ltr'><strong>pbr.</strong></span> <span class='ocrx_word' id='word_1_426' title='bbox 1646 2165 1683 2195; x_wconf 89' lang='lat' dir='ltr'><strong>et</strong></span> <span class='ocrx_word' id='word_1_427' title='bbox 1698 2163 1762 2194; x_wconf 88' lang='lat' dir='ltr'><strong>cfr.</strong></span> <span class='ocrx_word' id='word_1_428' title='bbox 1780 2173 1810 2194; x_wconf 92' lang='lat' dir='ltr'><strong>n.</strong></span> <span class='ocrx_word' id='word_1_429' title='bbox 1852 2162 2012 2205; x_wconf 78' lang='lat' dir='ltr'><strong>Stepha-</strong></span> 
     </span>
    </p>
   </div>
   <div class='ocr_carea' id='block_1_13' title="bbox 663 2214 2075 2258">
    <p class='ocr_par' dir='ltr' id='par_1_13' title="bbox 663 2214 2075 2258">
     <span class='ocr_line' id='line_1_42' title="bbox 663 2214 2075 2258; baseline -0.001 -12"><span class='ocrx_word' id='word_1_430' title='bbox 663 2227 730 2247; x_wconf 84' lang='lat' dir='ltr'><strong>nus</strong></span> <span class='ocrx_word' id='word_1_431' title='bbox 752 2215 829 2257; x_wconf 89' lang='lat' dir='ltr'><strong>pbr.</strong></span> <span class='ocrx_word' id='word_1_432' title='bbox 847 2219 884 2248; x_wconf 87' lang='lat' dir='ltr'><strong>et</strong></span> <span class='ocrx_word' id='word_1_433' title='bbox 899 2227 941 2247; x_wconf 90' lang='lat' dir='ltr'><strong>m.</strong></span> <span class='ocrx_word' id='word_1_434' title='bbox 960 2215 1004 2247; x_wconf 90' lang='lat' dir='ltr'><strong>de</strong></span> <span class='ocrx_word' id='word_1_435' title='bbox 1021 2215 1420 2258; x_wconf 87' lang='lat' dir='ltr'><strong>Chrems(muen)ster‚</strong></span> <span class='ocrx_word' id='word_1_436' title='bbox 1445 2214 1508 2246; x_wconf 86' lang='lat' dir='ltr'><strong>cfr.</strong></span> <span class='ocrx_word' id='word_1_437' title='bbox 1526 2225 1556 2246; x_wconf 92' lang='lat' dir='ltr'><strong>n.</strong></span> <span class='ocrx_word' id='word_1_438' title='bbox 1594 2214 1785 2246; x_wconf 82' lang='lat' dir='ltr'><strong>Iohannes</strong></span> <span class='ocrx_word' id='word_1_439' title='bbox 1799 2214 2013 2247; x_wconf 86' lang='lat' dir='ltr'><strong>Plancken-</strong></span> <span class='ocrx_word' id='word_1_440' title='bbox 2073 2241 2075 2244; x_wconf 28' lang='lat'><em>⁴</em></span> 
     </span>
    </p>
   </div>
   <div class='ocr_carea' id='block_1_14' title="bbox 660 2265 2014 2463">
    <p class='ocr_par' dir='ltr' id='par_1_14' title="bbox 660 2265 2014 2463">
     <span class='ocr_line' id='line_1_43' title="bbox 662 2265 2014 2310; baseline -0.001 -10"><span class='ocrx_word' id='word_1_441' title='bbox 662 2269 816 2310; x_wconf 85' lang='lat' dir='ltr'><strong>periger</strong></span> <span class='ocrx_word' id='word_1_442' title='bbox 840 2279 916 2300; x_wconf 85' lang='lat' dir='ltr'><strong>can.</strong></span> <span class='ocrx_word' id='word_1_443' title='bbox 934 2268 1064 2300; x_wconf 78' lang='lat' dir='ltr'><strong>Patav.</strong></span> <span class='ocrx_word' id='word_1_444' title='bbox 1083 2271 1192 2300; x_wconf 86' lang='lat' dir='ltr'><strong>extra</strong></span> <span class='ocrx_word' id='word_1_445' title='bbox 1207 2278 1347 2308; x_wconf 86' lang='lat' dir='ltr'><strong>muros,</strong></span> <span class='ocrx_word' id='word_1_446' title='bbox 1371 2267 1449 2309; x_wconf 89' lang='lat' dir='ltr'><strong>pbr.</strong></span> <span class='ocrx_word' id='word_1_447' title='bbox 1468 2269 1505 2298; x_wconf 87' lang='lat' dir='ltr'><strong>et</strong></span> <span class='ocrx_word' id='word_1_448' title='bbox 1525 2266 1588 2298; x_wconf 87' lang='lat' dir='ltr'><strong>cfr.</strong></span> <span class='ocrx_word' id='word_1_449' title='bbox 1605 2265 1649 2309; x_wconf 86' lang='lat' dir='ltr'><strong>n.]</strong></span> <span class='ocrx_word' id='word_1_450' title='bbox 1688 2265 1911 2308; x_wconf 74' lang='lat' dir='ltr'><strong>sigismundus</strong></span> <span class='ocrx_word' id='word_1_451' title='bbox 1926 2266 2014 2309; x_wconf 89' lang='lat' dir='ltr'><strong>prior</strong></span> 
     </span>
     <span class='ocr_line' id='line_1_44' title="bbox 662 2317 2013 2362; baseline -0.001 -11"><span class='ocrx_word' id='word_1_452' title='bbox 662 2320 702 2351; x_wconf 88' lang='lat' dir='ltr'><strong>de</strong></span> <span class='ocrx_word' id='word_1_453' title='bbox 720 2319 757 2351; x_wconf 68' lang='lat'><strong>8⁸</strong></span> <span class='ocrx_word' id='word_1_454' title='bbox 769 2320 938 2351; x_wconf 79' lang='lat' dir='ltr'><strong>Dorothea</strong></span> <span class='ocrx_word' id='word_1_455' title='bbox 954 2319 1023 2362; x_wconf 89' lang='lat' dir='ltr'><strong>pbr.</strong></span> <span class='ocrx_word' id='word_1_456' title='bbox 1037 2323 1070 2352; x_wconf 85' lang='lat' dir='ltr'><strong>et</strong></span> <span class='ocrx_word' id='word_1_457' title='bbox 1087 2320 1143 2351; x_wconf 84' lang='lat' dir='ltr'><strong>cfr.</strong></span> <span class='ocrx_word' id='word_1_458' title='bbox 1157 2330 1186 2351; x_wconf 93' lang='lat' dir='ltr'><strong>n.</strong></span> <span class='ocrx_word' id='word_1_459' title='bbox 1226 2319 1387 2351; x_wconf 81' lang='lat' dir='ltr'><strong>Iohannes</strong></span> <span class='ocrx_word' id='word_1_460' title='bbox 1403 2317 1566 2360; x_wconf 78' lang='lat' dir='ltr'><strong>quondam</strong></span> <span class='ocrx_word' id='word_1_461' title='bbox 1582 2328 1674 2360; x_wconf 93' lang='lat' dir='ltr'><strong>ppos.</strong></span> <span class='ocrx_word' id='word_1_462' title='bbox 1691 2317 1722 2349; x_wconf 88' lang='lat' dir='ltr'><strong>in</strong></span> <span class='ocrx_word' id='word_1_463' title='bbox 1734 2317 2013 2360; x_wconf 70' lang='lat' dir='ltr'><strong>Herczoburga&#39;),</strong></span> 
     </span>
     <span class='ocr_line' id='line_1_45' title="bbox 660 2369 2014 2413; baseline -0.001 -11"><span class='ocrx_word' id='word_1_464' title='bbox 660 2371 731 2413; x_wconf 91' lang='lat' dir='ltr'><strong>pbr.</strong></span> <span class='ocrx_word' id='word_1_465' title='bbox 750 2375 783 2403; x_wconf 86' lang='lat' dir='ltr'><strong>et</strong></span> <span class='ocrx_word' id='word_1_466' title='bbox 799 2372 855 2402; x_wconf 87' lang='lat' dir='ltr'><strong>cfr.</strong></span> <span class='ocrx_word' id='word_1_467' title='bbox 869 2383 899 2403; x_wconf 90' lang='lat' dir='ltr'><strong>n.</strong></span> <span class='ocrx_word' id='word_1_468' title='bbox 939 2371 1061 2403; x_wconf 82' lang='lat' dir='ltr'><strong>Paulus</strong></span> <span class='ocrx_word' id='word_1_469' title='bbox 1076 2382 1168 2413; x_wconf 85' lang='lat' dir='ltr'><strong>ppos.</strong></span> <span class='ocrx_word' id='word_1_470' title='bbox 1185 2372 1218 2403; x_wconf 94' lang='lat' dir='ltr'><strong>in</strong></span> <span class='ocrx_word' id='word_1_471' title='bbox 1231 2371 1447 2403; x_wconf 81' lang='lat' dir='ltr'><strong>Walthausen</strong></span> <span class='ocrx_word' id='word_1_472' title='bbox 1457 2370 1495 2411; x_wconf 83' lang='lat'><strong>³),</strong></span> <span class='ocrx_word' id='word_1_473' title='bbox 1514 2369 1584 2412; x_wconf 91' lang='lat' dir='ltr'><strong>pbr.</strong></span> <span class='ocrx_word' id='word_1_474' title='bbox 1602 2372 1635 2401; x_wconf 90' lang='lat' dir='ltr'><strong>et</strong></span> <span class='ocrx_word' id='word_1_475' title='bbox 1650 2369 1706 2400; x_wconf 83' lang='lat' dir='ltr'><strong>cfr.</strong></span> <span class='ocrx_word' id='word_1_476' title='bbox 1719 2380 1748 2401; x_wconf 93' lang='lat' dir='ltr'><strong>n.</strong></span> <span class='ocrx_word' id='word_1_477' title='bbox 1786 2369 1839 2401; x_wconf 89' lang='lat' dir='ltr'><strong>Fr.</strong></span> <span class='ocrx_word' id='word_1_478' title='bbox 1851 2369 2014 2402; x_wconf 81' lang='lat' dir='ltr'><strong>Iohannes</strong></span> 
     </span>
     <span class='ocr_line' id='line_1_46' title="bbox 661 2420 2011 2463; baseline 0 -9"><span class='ocrx_word' id='word_1_479' title='bbox 661 2423 701 2455; x_wconf 87' lang='lat' dir='ltr'><strong>de</strong></span> <span class='ocrx_word' id='word_1_480' title='bbox 725 2423 843 2455; x_wconf 88' lang='lat' dir='ltr'><strong>Melico</strong></span> <span class='ocrx_word' id='word_1_481' title='bbox 867 2434 914 2455; x_wconf 84' lang='lat' dir='ltr'><strong>cv.</strong></span> <span class='ocrx_word' id='word_1_482' title='bbox 937 2426 970 2455; x_wconf 84' lang='lat' dir='ltr'><strong>et</strong></span> <span class='ocrx_word' id='word_1_483' title='bbox 993 2423 1049 2455; x_wconf 87' lang='lat' dir='ltr'><strong>cfr.</strong></span> <span class='ocrx_word' id='word_1_484' title='bbox 1069 2434 1098 2455; x_wconf 88' lang='grc' dir='ltr'><strong>ιι.</strong></span> <span class='ocrx_word' id='word_1_485' title='bbox 1123 2427 1156 2456; x_wconf 87' lang='lat' dir='ltr'><strong>et</strong></span> <span class='ocrx_word' id='word_1_486' title='bbox 1178 2424 1216 2455; x_wconf 90' lang='lat' dir='ltr'><strong>fr.</strong></span> <span class='ocrx_word' id='word_1_487' title='bbox 1233 2423 1387 2455; x_wconf 85' lang='lat' dir='ltr'><strong>Nicolaus</strong></span> <span class='ocrx_word' id='word_1_488' title='bbox 1409 2433 1481 2454; x_wconf 84' lang='lat' dir='ltr'><strong>nov.</strong></span> <span class='ocrx_word' id='word_1_489' title='bbox 1502 2422 1535 2453; x_wconf 91' lang='lat' dir='ltr'><strong>in</strong></span> <span class='ocrx_word' id='word_1_490' title='bbox 1557 2420 1779 2463; x_wconf 83' lang='lat' dir='ltr'><strong>Altenburgk,</strong></span> <span class='ocrx_word' id='word_1_491' title='bbox 1809 2421 1866 2453; x_wconf 84' lang='lat' dir='ltr'><strong>cfr.</strong></span> <span class='ocrx_word' id='word_1_492' title='bbox 1882 2432 1914 2454; x_wconf 85' lang='lat'><strong>11.</strong></span> <span class='ocrx_word' id='word_1_493' title='bbox 1957 2421 2011 2454; x_wconf 85' lang='lat' dir='ltr'><strong>Fr.</strong></span> 
     </span>
    </p>
   </div>
   <div class='ocr_carea' id='block_1_15' title="bbox 663 2473 2013 2516">
    <p class='ocr_par' dir='ltr' id='par_1_15' title="bbox 663 2473 2013 2516">
     <span class='ocr_line' id='line_1_47' title="bbox 663 2473 2013 2516; baseline 0 -10"><span class='ocrx_word' id='word_1_494' title='bbox 663 2474 882 2506; x_wconf 83' lang='lat' dir='ltr'><strong>Colomannus</strong></span> <span class='ocrx_word' id='word_1_495' title='bbox 911 2475 981 2516; x_wconf 89' lang='lat' dir='ltr'><strong>pbr.</strong></span> <span class='ocrx_word' id='word_1_496' title='bbox 1004 2479 1037 2506; x_wconf 85' lang='lat' dir='ltr'><strong>et</strong></span> <span class='ocrx_word' id='word_1_497' title='bbox 1063 2486 1106 2507; x_wconf 90' lang='lat' dir='ltr'><strong>m.</strong></span> <span class='ocrx_word' id='word_1_498' title='bbox 1127 2476 1161 2507; x_wconf 90' lang='lat' dir='ltr'><strong>in</strong></span> <span class='ocrx_word' id='word_1_499' title='bbox 1183 2475 1327 2515; x_wconf 72' lang='lat' dir='ltr'><strong>Memno,</strong></span> <span class='ocrx_word' id='word_1_500' title='bbox 1356 2474 1426 2516; x_wconf 91' lang='lat' dir='ltr'><strong>pbr.</strong></span> <span class='ocrx_word' id='word_1_501' title='bbox 1447 2477 1480 2506; x_wconf 86' lang='lat' dir='ltr'><strong>et</strong></span> <span class='ocrx_word' id='word_1_502' title='bbox 1503 2473 1559 2505; x_wconf 86' lang='lat' dir='ltr'><strong>cfr.</strong></span> <span class='ocrx_word' id='word_1_503' title='bbox 1580 2484 1611 2504; x_wconf 92' lang='lat' dir='ltr'><strong>n.</strong></span> <span class='ocrx_word' id='word_1_504' title='bbox 1657 2478 1702 2505; x_wconf 86' lang='lat' dir='ltr'><strong>Fr.</strong></span> <span class='ocrx_word' id='word_1_505' title='bbox 1719 2477 1842 2505; x_wconf 78' lang='lat' dir='ltr'><strong>Thomas</strong></span> <span class='ocrx_word' id='word_1_506' title='bbox 1865 2487 1908 2505; x_wconf 88' lang='lat' dir='ltr'><strong>cv.</strong></span> <span class='ocrx_word' id='word_1_507' title='bbox 1929 2473 2013 2506; x_wconf 86' lang='lat' dir='ltr'><strong>m0n¹¹</strong></span> 
     </span>
    </p>
   </div>
   <div class='ocr_carea' id='block_1_16' title="bbox 660 2524 2012 2601">
    <p class='ocr_par' dir='ltr' id='par_1_16' title="bbox 660 2524 2012 2601">
     <span class='ocr_line' id='line_1_48' title="bbox 660 2524 2012 2560; baseline -0.001 -8"><span class='ocrx_word' id='word_1_508' title='bbox 660 2531 687 2552; x_wconf 72' lang='lat' dir='ltr'><strong>se</strong></span> <span class='ocrx_word' id='word_1_509' title='bbox 702 2525 840 2552; x_wconf 85' lang='lat' dir='ltr'><strong>Dorothee</strong></span> <span class='ocrx_word' id='word_1_510' title='bbox 852 2525 973 2558; x_wconf 79' lang='lat' dir='ltr'><strong>Wienn.,</strong></span> <span class='ocrx_word' id='word_1_511' title='bbox 993 2525 1041 2552; x_wconf 80' lang='lat' dir='ltr'><strong>cfr.</strong></span> <span class='ocrx_word' id='word_1_512' title='bbox 1054 2535 1080 2552; x_wconf 91' lang='grc' dir='ltr'><strong>ιι.</strong></span> <span class='ocrx_word' id='word_1_513' title='bbox 1111 2525 1143 2552; x_wconf 90' lang='lat' dir='ltr'><strong>D.</strong></span> <span class='ocrx_word' id='word_1_514' title='bbox 1158 2525 1315 2560; x_wconf 86' lang='lat' dir='ltr'><strong>Leopoldus</strong></span> <span class='ocrx_word' id='word_1_515' title='bbox 1327 2525 1447 2559; x_wconf 79' lang='lat' dir='ltr'><strong>Haymel</strong></span> <span class='ocrx_word' id='word_1_516' title='bbox 1459 2525 1494 2552; x_wconf 89' lang='lat' dir='ltr'><strong>de</strong></span> <span class='ocrx_word' id='word_1_517' title='bbox 1506 2524 1680 2559; x_wconf 75' lang='lat' dir='ltr'><strong>Neunburga</strong></span> <span class='ocrx_word' id='word_1_518' title='bbox 1692 2524 1753 2559; x_wconf 86' lang='lat' dir='ltr'><strong>pbr.</strong></span> <span class='ocrx_word' id='word_1_519' title='bbox 1767 2526 1796 2552; x_wconf 85' lang='lat' dir='ltr'><strong>et</strong></span> <span class='ocrx_word' id='word_1_520' title='bbox 1809 2524 1857 2552; x_wconf 89' lang='lat' dir='ltr'><strong>cfr.</strong></span> <span class='ocrx_word' id='word_1_521' title='bbox 1870 2533 1896 2551; x_wconf 90' lang='grc' dir='ltr'><strong>ιι.</strong></span> <span class='ocrx_word' id='word_1_522' title='bbox 1911 2525 2012 2558; x_wconf 76' lang='grc'><strong>(15)22.</strong></span> 
     </span>
     <span class='ocr_line' id='line_1_49' title="bbox 662 2568 1743 2601; baseline -0.001 -6"><span class='ocrx_word' id='word_1_523' title='bbox 662 2568 813 2600; x_wconf 83' lang='lat' dir='ltr'><strong>Dorothea,</strong></span> <span class='ocrx_word' id='word_1_524' title='bbox 833 2569 954 2601; x_wconf 77' lang='lat' dir='ltr'><strong>Iuliana,</strong></span> <span class='ocrx_word' id='word_1_525' title='bbox 974 2569 1100 2596; x_wconf 79' lang='lat' dir='ltr'><strong>Barbam</strong></span> <span class='ocrx_word' id='word_1_526' title='bbox 1119 2569 1281 2600; x_wconf 80' lang='lat' dir='ltr'><strong>Schauerin,</strong></span> <span class='ocrx_word' id='word_1_527' title='bbox 1302 2568 1414 2601; x_wconf 62' lang='lat' dir='ltr'><strong>Rosius,</strong></span> <span class='ocrx_word' id='word_1_528' title='bbox 1434 2568 1496 2594; x_wconf 76' lang='lat' dir='ltr'><strong>m¹e⁸</strong></span> <span class='ocrx_word' id='word_1_529' title='bbox 1513 2569 1543 2595; x_wconf 84' lang='lat' dir='ltr'><strong>et</strong></span> <span class='ocrx_word' id='word_1_530' title='bbox 1561 2572 1684 2594; x_wconf 61' lang='lat' dir='ltr'><strong>censoru</strong></span> <span class='ocrx_word' id='word_1_531' title='bbox 1702 2572 1743 2594; x_wconf 74' lang='lat'><strong>1:1⁶.</strong></span> 
     </span>
    </p>
   </div>
   <div class='ocr_carea' id='block_1_17' title="bbox 459 2633 1389 2639">
    <p class='ocr_par' dir='ltr' id='par_1_17' title="bbox 459 2633 1389 2639">
     <span class='ocr_line' id='line_1_50' title="bbox 459 2633 1389 2639; baseline 0 0"><span class='ocrx_word' id='word_1_532' title='bbox 459 2633 1389 2639; x_wconf 95' lang='lat' dir='ltr'><strong> </strong></span> 
     </span>
    </p>
   </div>
   <div class='ocr_carea' id='block_1_18' title="bbox 636 2634 1389 2640">
    <p class='ocr_par' dir='ltr' id='par_1_18' title="bbox 636 2634 1389 2640">
     <span class='ocr_line' id='line_1_51' title="bbox 636 2634 1389 2640; baseline 0 0"><span class='ocrx_word' id='word_1_533' title='bbox 636 2634 1389 2640; x_wconf 95' lang='lat' dir='ltr'><strong> </strong></span> 
     </span>
    </p>
   </div>
   <div class='ocr_carea' id='block_1_19' title="bbox 454 2687 2011 2724">
    <p class='ocr_par' dir='ltr' id='par_1_19' title="bbox 454 2687 2011 2724">
     <span class='ocr_line' id='line_1_52' title="bbox 454 2687 2011 2724; baseline 0 -9"><span class='ocrx_word' id='word_1_534' title='bbox 454 2689 478 2721; x_wconf 72' lang='lat'><strong>⁸)</strong></span> <span class='ocrx_word' id='word_1_535' title='bbox 498 2689 521 2716; x_wconf 92' lang='grc' dir='ltr'><strong>Ι.</strong></span> <span class='ocrx_word' id='word_1_536' title='bbox 536 2698 556 2715; x_wconf 84' lang='lat' dir='ltr'><strong>e.</strong></span> <span class='ocrx_word' id='word_1_537' title='bbox 569 2690 698 2724; x_wconf 79' lang='lat' dir='ltr'><strong>Flaming.</strong></span> <span class='ocrx_word' id='word_1_538' title='bbox 771 2690 795 2722; x_wconf 85' lang='lat' dir='ltr'><strong>b)</strong></span> <span class='ocrx_word' id='word_1_539' title='bbox 816 2690 937 2723; x_wconf 78' lang='lat' dir='ltr'><strong>Sequitur</strong></span> <span class='ocrx_word' id='word_1_540' title='bbox 949 2690 1112 2715; x_wconf 63' lang='lat' dir='ltr'><strong>exstinctum.-</strong></span> <span class='ocrx_word' id='word_1_541' title='bbox 1128 2690 1238 2715; x_wconf 84' lang='lat' dir='ltr'><strong>Georius</strong></span> <span class='ocrx_word' id='word_1_542' title='bbox 1251 2689 1338 2715; x_wconf 85' lang='lat' dir='ltr'><strong>Linth.</strong></span> <span class='ocrx_word' id='word_1_543' title='bbox 1408 2688 1432 2720; x_wconf 72' lang='lat'><strong>⁰)</strong></span> <span class='ocrx_word' id='word_1_544' title='bbox 1451 2688 1551 2714; x_wconf 79' lang='lat' dir='ltr'><strong>Nomen</strong></span> <span class='ocrx_word' id='word_1_545' title='bbox 1562 2688 1610 2714; x_wconf 82' lang='lat' dir='ltr'><strong>hoc</strong></span> <span class='ocrx_word' id='word_1_546' title='bbox 1622 2688 1679 2722; x_wconf 74' lang='lat' dir='ltr'><strong>fere</strong></span> <span class='ocrx_word' id='word_1_547' title='bbox 1691 2696 1802 2714; x_wconf 65' lang='lat' dir='ltr'><strong>erasum.</strong></span> <span class='ocrx_word' id='word_1_548' title='bbox 1872 2687 1897 2721; x_wconf 86' lang='lat' dir='ltr'><strong>d)</strong></span> <span class='ocrx_word' id='word_1_549' title='bbox 1915 2689 2011 2715; x_wconf 78' lang='lat' dir='ltr'><strong>Libra-</strong></span> 
     </span>
    </p>
   </div>
   <div class='ocr_carea' id='block_1_20' title="bbox 349 2730 1969 2770">
    <p class='ocr_par' dir='ltr' id='par_1_20' title="bbox 349 2730 1969 2770">
     <span class='ocr_line' id='line_1_53' title="bbox 349 2730 1969 2770; baseline 0 -13"><span class='ocrx_word' id='word_1_550' title='bbox 349 2732 404 2757; x_wconf 66' lang='lat' dir='ltr'><strong>rius</strong></span> <span class='ocrx_word' id='word_1_551' title='bbox 422 2732 469 2758; x_wconf 78' lang='lat' dir='ltr'><strong>hoe</strong></span> <span class='ocrx_word' id='word_1_552' title='bbox 487 2741 579 2759; x_wconf 78' lang='lat' dir='ltr'><strong>nomen</strong></span> <span class='ocrx_word' id='word_1_553' title='bbox 593 2742 645 2766; x_wconf 82' lang='lat' dir='ltr'><strong>pro</strong></span> <span class='ocrx_word' id='word_1_554' title='bbox 660 2734 832 2766; x_wconf 74' lang='lat' dir='ltr'><strong>praecedente</strong></span> <span class='ocrx_word' id='word_1_555' title='bbox 846 2734 964 2770; x_wconf 64' lang='lat' dir='ltr'><strong>posuisse</strong></span> <span class='ocrx_word' id='word_1_556' title='bbox 982 2733 1089 2759; x_wconf 83' lang='lat' dir='ltr'><strong>videtur.</strong></span> <span class='ocrx_word' id='word_1_557' title='bbox 1195 2732 1218 2763; x_wconf 79' lang='lat' dir='ltr'><strong>e)</strong></span> <span class='ocrx_word' id='word_1_558' title='bbox 1239 2732 1352 2766; x_wconf 61' lang='grc' dir='ltr'><strong>Θου-ῖς..-</strong></span> <span class='ocrx_word' id='word_1_559' title='bbox 1370 2733 1512 2758; x_wconf 81' lang='lat' dir='ltr'><strong>Conradus.</strong></span> <span class='ocrx_word' id='word_1_560' title='bbox 1616 2730 1637 2764; x_wconf 71' lang='lat'><strong>¹)</strong></span> <span class='ocrx_word' id='word_1_561' title='bbox 1656 2731 1778 2764; x_wconf 68' lang='lat' dir='ltr'><strong>Sequim-</strong></span> <span class='ocrx_word' id='word_1_562' title='bbox 1795 2732 1866 2758; x_wconf 60' lang='lat' dir='ltr'><strong>locu:</strong></span> <span class='ocrx_word' id='word_1_563' title='bbox 1884 2741 1969 2758; x_wconf 77' lang='lat' dir='ltr'><strong>rame.</strong></span> 
     </span>
    </p>
   </div>
   <div class='ocr_carea' id='block_1_21' title="bbox 456 2802 1918 2857">
    <p class='ocr_par' dir='ltr' id='par_1_21' title="bbox 456 2802 1918 2857">
     <span class='ocr_line' id='line_1_54' title="bbox 456 2802 1918 2857; baseline -0.001 -12"><span class='ocrx_word' id='word_1_564' title='bbox 456 2819 475 2851; x_wconf 81' lang='lat'><strong>¹)</strong></span> <span class='ocrx_word' id='word_1_565' title='bbox 495 2821 662 2847; x_wconf 83' lang='lat'><strong>1316—1336.</strong></span> <span class='ocrx_word' id='word_1_566' title='bbox 770 2820 791 2854; x_wconf 84' lang='lat'><strong>²)</strong></span> <span class='ocrx_word' id='word_1_567' title='bbox 811 2820 855 2846; x_wconf 75' lang='lat' dir='ltr'><strong>Ad</strong></span> <span class='ocrx_word' id='word_1_568' title='bbox 872 2828 947 2854; x_wconf 79' lang='lat' dir='ltr'><strong>quem</strong></span> <span class='ocrx_word' id='word_1_569' title='bbox 965 2819 1132 2852; x_wconf 73' lang='lat' dir='ltr'><strong>referendum</strong></span> <span class='ocrx_word' id='word_1_570' title='bbox 1149 2819 1192 2853; x_wconf 78' lang='lat' dir='ltr'><strong>sit,</strong></span> <span class='ocrx_word' id='word_1_571' title='bbox 1210 2827 1266 2846; x_wconf 76' lang='lat' dir='ltr'><strong>non</strong></span> <span class='ocrx_word' id='word_1_572' title='bbox 1284 2821 1395 2846; x_wconf 65' lang='lat' dir='ltr'><strong>constat.</strong></span> <span class='ocrx_word' id='word_1_573' title='bbox 1457 2853 1462 2857; x_wconf 39' lang='grc' dir='ltr'>Ι</span> <span class='ocrx_word' id='word_1_574' title='bbox 1503 2818 1524 2853; x_wconf 77' lang='lat'><strong>³)</strong></span> <span class='ocrx_word' id='word_1_575' title='bbox 1543 2818 1651 2845; x_wconf 70' lang='lat' dir='ltr'><strong>Paulus</strong></span> <span class='ocrx_word' id='word_1_576' title='bbox 1669 2817 1709 2845; x_wconf 82' lang='lat'><strong>11.</strong></span> <span class='ocrx_word' id='word_1_577' title='bbox 1727 2820 1899 2844; x_wconf 75' lang='lat'><strong>1460—1465.</strong></span> <span class='ocrx_word' id='word_1_578' title='bbox 1912 2802 1918 2809; x_wconf 39' lang='grc' dir='ltr'>ι</span> 
     </span>
    </p>
   </div>
  </div>
 </body>
</html>
