2150 3178
316 175 426 204 LIBER
444 174 713 204 SEPULCRORUM
732 173 886 202 PATRUM
905 173 1082 201 MINORUM
1099 173 1150 202 AD
1168 173 1193 201 S.
1207 173 1354 201 CRUCEM
1373 173 1623 201 VINDOBONAE.
1734 175 1795 207 233

247 262 395 295 Ibidem
425 273 495 295 sor.
513 262 643 304 Agnes
672 261 717 294 de
740 260 1023 294 Puerstendorf
1047 260 1101 293 ob.
1119 260 1175 292 Ab
1198 260 1267 292 illa
1291 260 1357 292 fre·
1382 261 1481 293 omni
1507 270 1603 292 anno
1630 263 1690 292 Μὴ
1707 264 1729 298 «ᾖ
1754 260 1799 293 de

144 314 176 347 S.
193 314 346 357 Olaraff)

247 366 500 408 Sepulchrum
524 365 563 397 d⁸
586 364 750 397 Perchte
767 364 989 407 Witiginne,
1014 363 1069 396 ob.
1082 363 1182 395 VIII.
1200 363 1274 396 kal.
1291 363 1420 406 Iulii1)
1447 365 1557 405 1338,
1581 363 1646 395 ubi
1669 363 1801 396 littera

143 417 216 461 Y.¹²)
260 417 448 450 Tenemur
469 416 666 459 multumfi)

247 469 396 502 Ibidem
420 468 460 500 d·
482 468 643 510 Brigida
664 467 1006 510 Himpergerinna,
1030 467 1158 509 neptis
1181 478 1260 508 sua,
1285 467 1340 499 ob.
1826 480 1838 499 ⁵

248 519 500 563 Sepulchrum
529 519 570 552 (1Θ
593 518 785 551 Gedrudis
806 518 992 560 Hosinne‚
1023 519 1077 551 ob.
1098 519 1146 551 II.
1162 519 1209 550 id.
1230 519 1320 550 Iulii
1347 519 1455 560 1349,
1483 518 1545 550 ubi
1572 518 1708 551 littera
1730 517 1802 561 ΥΡ)

122 571 202 604 'Ab
225 572 293 604 illa
315 572 519 604 habuimus
542 581 653 603 unam
676 570 811 602 bonam
834 572 984 604 vineam
1007 574 1043 603 et
1067 570 1220 613 ὅθῦλᾲᾱ)

719 802 926 845 Sepultura
941 801 1133 834 Chunradi
1151 800 1317 833 Chetner
1334 804 1372 832 et
1391 801 1468 832 uxi*
1485 811 1550 833 sue
1572 800 1610 832 d⁹
1627 800 1803 843 Perchte,

145 830 196 858 124
230 870 235 888 η
616 854 672 887 ob.
694 856 803 896 1322,
827 854 872 886 ΙΙ.
889 854 1002 896 non.²)
1018 853 1286 896 Decembris⁰),
1309 852 1373 884 ubi
1395 853 1528 885 littera
1550 852 1616 895 ΕΡ)

249 1093 501 1136 Sepulchrum
523 1094 756 1127 Michahelis
778 1093 942 1135 Harher,
967 1093 1023 1126 ob.
1041 1093 1108 1126 ΙΙΙ,
1126 1093 1200 1125 kal.
1216 1093 1358 1136 Iulii³)‚
1380 1092 1445 1125 ubi
1467 1093 1602 1125 littera
1625 1092 1691 1135 ΘΧ)
1821 1107 1847 1126 ιο

248 1145 396 1178 Ibidem
420 1146 460 1177 d’
482 1145 652 1179 Perchta
674 1157 732 1179 ux.
750 1157 829 1187 sua,
853 1145 909 1178 ob.
925 1146 962 1177 in
985 1145 1084 1178 festo
1108 1145 1140 1177 b.
1155 1145 1351 1188 Agathe.⁴)
1397 1145 1585 1177 Tenemur
1608 1145 1703 1187 eis.⁸)

247 1197 396 1230 Ibidem
419 1198 461 1230 fr.
478 1198 728 1231 Marchardus
750 1198 886 1238 lector,
915 1198 970 1231 ob.
1022 1198 1065 1229 In
1089 1197 1221 1229 eodem
1246 1197 1287 1229 fr.
1305 1207 1393 1229 suus
1416 1197 1457 1229 fr.
1475 1196 1712 1236 chunradus,
1745 1195 1800 1228 ob.

144 1248 299 1282 Uli-icus
322 1252 360 1281 et
381 1249 507 1281 Matza
531 1253 569 1282 et
593 1250 659 1282 alii
681 1250 799 1292 pueri.

248 1301 290 1333 In
313 1302 451 1343 angulo
474 1302 581 1334 iuxta
604 1312 823 1344 scampnum
847 1301 887 1333 d*
909 1301 1055 1333 Trauta
1079 1304 1116 1333 et
1138 1300 1192 1332 fil.
1210 1311 1298 1332 suus
1322 1300 1575 1343 Chunr(adus)
1592 1299 1721 1341 Snabl,
1746 1298 1801 1331 ob.

147 1352 205 1385 VI.
223 1353 296 1385 kal.
312 1353 541 1385 Novembris
566 1355 678 1395 13073
701 1353 766 1385 ubi
788 1353 920 1385 littera
943 1353 1018 1395 H.¹>)
1821 1365 1846 1384 15

249 1404 297 1436 Et
319 1407 377 1437 est
399 1404 489 1437 finis
510 1405 649 1437 lateris
672 1408 710 1437 et
731 1405 1022 1448 sepulchrorum
1045 1405 1164 1447 prime
1186 1404 1290 1437 linee
1315 1403 1481 1436 ambitus
1504 1407 1590 1436 ante
1614 1403 1802 1446 capellam

142 1455 174 1489 b.
191 1455 445 1499 Katherine.¹¹)

280 1585 417 1626 Incipit
439 1585 514 1618 alia
537 1585 636 1618 linea
660 1585 948 1626 sepulchrorum,
970 1584 1138 1617 videlicet
1161 1584 1315 1617 secunda
1338 1592 1463 1617 versus
1487 1584 1661 1617 ambitum

507 1637 722 1670 interiorem
745 1637 850 1670 iuxta
872 1645 1092 1678 scampnum,
1113 1637 1176 1669 ubi
1198 1636 1362 1679 litterah)
1386 1636 1447 1679 If):

714 1822 963 1864 Sepulchrum
987 1821 1212 1854 Perchtoldi
1236 1821 1379 1863 Oeder,
1414 1821 1483 1853 III.
1500 1831 1582 1853 non.
1602 1820 1800 1863 Augusti⁵)
1819 1831 1845 1851 20

611 1874 682 1914 ob.,
718 1877 756 1906 et
781 1884 846 1906 sue
874 1874 952 1905 uxst
979 1873 1017 1905 d⁸
1039 1873 1265 1915 Katherine‚
1303 1873 1374 1913 ob.‚
1410 1883 1481 1915 que
1509 1873 1582 1904 fuit
1609 1873 1736 1915 neptis
1764 1872 1802 1904 d⁹

144 1900 192 1926 125
610 1926 834 1968 Witiginne,
858 1936 877 1957 a
901 1925 1036 1968 quibus
1058 1925 1259 1957 habuimus
1284 1927 1303 1957 2
1329 1926 1508 1957 karratas
1530 1924 1644 1967 vini.¹)

245 2106 359 2138 Nota:
392 2106 492 2149 quod
523 2106 656 2148 plures
685 2109 771 2138 sunt
797 2106 950 2148 lapides
978 2106 1015 2137 in
1040 2106 1197 2147 ambitu,
1230 2107 1267 2138 in
1296 2106 1432 2148 quibus
1459 2106 1594 2137 littere
1622 2116 1694 2137 non
1718 2108 1802 2137 sunt

143 2158 309 2200 sculpte,
341 2160 379 2190 et
407 2169 427 2189 a
454 2158 595 2200 quibus
623 2158 722 2190 nihil
751 2161 996 2200 exspectatur
1022 2168 1090 2190 nec
1113 2169 1180 2200 pro
1204 2158 1423 2200 sepultura,
1456 2157 1544 2200 quia
1566 2157 1695 2189 nullus
1718 2157 1801 2198 scit,

146 2210 277 2252 quales
299 2210 457 2251 fuerint,
481 2220 550 2242 nec
572 2209 766 2242 beneficia
789 2220 919 2241 eorum
941 2210 1068 2241 inveni
1091 2210 1128 2241 in
1150 2209 1198 2241 ni*
1214 2209 1323 2241 libris
1338 2212 1580 2242 mortuorum.
1619 2208 1657 2240 Si
1673 2212 1800 2241 autem
1818 2219 1842 2238 2⁵

143 2261 299 2294 fuerunt
331 2261 545 2302 beneficia,
580 2264 787 2304 querantur
820 2262 857 2293 in
891 2262 1056 2303 registro
1091 2262 1181 2303 alio,
1216 2261 1270 2293 ibi
1304 2262 1511 2302 invenitur,
1547 2263 1731 2303 quantum
1765 2263 1801 2292 et

143 2313 278 2355 quid.¹¹)

246 2364 339 2396 Volo
361 2365 474 2397 etiam
496 2365 594 2396 scire
611 2364 688 2406 ἦθ’,
708 2365 807 2407 quod
824 2375 952 2397 omnes
967 2364 1115 2407 lapides
1130 2375 1202 2396 non
1217 2364 1406 2397 habentes
1422 2365 1582 2396 litteras
1599 2364 1802 2406 alphabeti

143 2416 204 2448 vel
227 2416 303 2448 alia
325 2417 449 2459 signa,
473 2416 658 2448 videlicet
676 2427 782 2448 rosas
803 2417 865 2448 vel
886 2417 1039 2457 stellas,
1063 2417 1122 2448 vel
1143 2427 1216 2448 non
1232 2419 1319 2448 sunt
1335 2417 1471 2458 scripti
1487 2417 1524 2447 in
1539 2415 1610 2447 hoc
1626 2415 1724 2447 libro
1741 2415 1801 2447 vel

143 2469 340 2509 nominati,
367 2468 466 2510 quod
489 2468 557 2500 sub
582 2468 726 2500 eisdem
749 2469 945 2510 lapidibus
966 2471 1125 2511 possunt
1146 2479 1419 2511 quemcumque
1440 2468 1573 2500 volunt
1593 2467 1801 2510 sepelire.¹¹)
1819 2476 1845 2496 ³0

247 2567 272 2601 ι)
290 2569 331 2594 Ab
349 2568 394 2594 illa
411 2582 444 2586 —
463 2569 542 2594 Clara
565 2569 646 2595 minio
667 2569 771 2601 scripta.
876 2569 902 2601 b)
920 2569 1020 2595 Littera
1042 2570 1126 2595 colore
1147 2570 1227 2594 rubro
1254 2570 1358 2601 scripta.
1464 2568 1487 2599 e)
1506 2569 1570 2594 Ten.
1587 2568 1699 2593 multum
1721 2567 1799 2592 minio

144 2612 249 2644 scripta.
341 2610 366 2644 d)
384 2612 425 2637 Ab
443 2612 489 2638 illa
507 2625 540 2630 —-
560 2614 592 2638 60
605 2612 635 2638 (ὦ.
646 2612 667 2642 ό),
687 2613 765 2638 minio
783 2613 886 2645 scripta.
978 2612 1000 2643 θ)
1021 2612 1140 2645 Sequimur
1159 2613 1229 2637 locus
1247 2620 1331 2637 rasus.
1419 2610 1441 2644 s)
1460 2611 1560 2636 Littera
1578 2611 1663 2636 colore
1681 2610 1799 2635 caeruleo

145 2655 251 2688 scripta.
287 2654 322 2680 In
339 2655 456 2687 maryine
469 2655 555 2681 colore
567 2655 646 2680 rubro
659 2660 786 2681 notatam.-
804 2656 870 2689 lapis
883 2664 1042 2681 marmoreus
1053 2660 1092 2681 est
1103 2657 1209 2687 fractus,
1227 2656 1273 2680 ubi
1287 2656 1337 2680 suit
1349 2655 1435 2680 littera
1446 2655 1555 2687 sculpta.
1644 2652 1669 2686 8)
1687 2654 1750 2679 Ten.
1764 2654 1800 2679 sis

145 2699 230 2724 colore
247 2698 326 2723 rubro
344 2698 448 2730 scripta.
554 2697 580 2730 h)
599 2698 673 2724 Haec
691 2703 753 2724 nota
770 2699 855 2724 colore
872 2699 951 2724 rubro
969 2699 1073 2732 scripta.
1177 2697 1196 2731 ί)
1214 2707 1264 2730 que
1283 2711 1316 2716 —
1335 2698 1390 2723 vini
1408 2698 1487 2723 mi‘m'o
1505 2698 1611 2730 scripta.

250 2762 270 2795 ²)
289 2761 333 2788 Sic
344 2769 430 2795 supra
438 2769 467 2795 p.
478 2765 535 2795 202,
554 2762 601 2789 IX.
612 2762 667 2789 kal.
678 2763 748 2797 Aug.
757 2770 786 2796 p.
798 2765 852 2789 182.
938 2762 959 2795 ²)
980 2762 1024 2788 Ita
1033 2770 1060 2795 p.
1072 2765 1123 2789 203
1128 2771 1137 2794 ,·
1155 2761 1201 2789 IV.
1214 2770 1278 2788 non.
1288 2769 1316 2794 p.
1328 2763 1381 2788 193.
1466 2762 1487 2794 ⁸)
1507 2761 1541 2788 ΙΙ.
1552 2760 1609 2787 kal.
1620 2760 1689 2794 Aug.
1701 2768 1731 2794 p.
1742 2762 1799 2787 182.
1818 2769 1842 2789 ³5

145 2805 167 2839 ⁴)
189 2804 231 2839 Cf.
239 2813 269 2838 p.
283 2808 338 2838 169,
358 2805 437 2832 Febr.
446 2809 471 2839 5,
486 2813 516 2839 p.
529 2808 588 2832 203.
695 2806 716 2839 ⁶)
734 2806 834 2832 Anniv.
847 2805 904 2832 eius
922 2805 979 2832 IX.
992 2805 1043 2832 kal.
1057 2805 1124 2832 Nov.
1136 2804 1324 2838 celebrabatur,
1343 2804 1378 2837 cf.
1388 2812 1418 2838 p.
1433 2807 1487 2831 190.

246 2856 331 2883 Nm.
344 2856 449 2883 PA'rAv.
1559 2855 1593 2882 30
