2150 3178
277 184 447 213 ROTULUS
465 184 618 213 NECROL.
632 185 805 214 COENOBII
822 184 956 213 FRATR.
968 183 1098 210 MINOR.
1112 182 1339 211 OBSERVANT.
1352 182 1688 211 EGGENBURGENSIS.
1746 187 1803 216 441

158 271 211 306 (8⁰)
220 272 244 305 ⁵)
263 270 459 306 Radegundis‚'
470 271 518 299 cfr.
532 271 699 299 Valentinus
717 272 751 299 de
764 271 842 299 Wels
861 280 916 298 sae.
929 270 958 297 in
970 269 1090 304 Puping,
1109 269 1158 296 cfr.
1170 269 1296 296 Donatus
1313 270 1377 297 cler.
1390 270 1419 296 in
1432 269 1552 304 Puping,
1571 269 1619 297 cfr.
1632 269 1773 304 Rupertus
1791 270 1810 296 1.

156 316 298 342 mensator
321 314 350 341 in
373 313 498 349 Puping,
526 314 575 342 cfr.
588 314 720 341 Paulinus
738 315 756 342 l.
776 316 866 342 sartor
883 313 1075 347 Newnburge,
1102 313 1151 339 cfr.
1163 312 1247 339 Vitus
1270 312 1287 338 1.
1305 313 1526 347 pyldschnyozer
1544 313 1733 348 Newnburge,
1762 313 1809 339 cfr.

156 357 314 384 Alexander
331 357 365 384 de
383 356 528 392 Sterezing
545 366 600 384 sac.
614 357 643 384 in
660 357 780 385 Swaecz.

260 400 293 427 A.
306 399 332 427 d.
346 400 425 428 1522:
444 399 493 427 cfr.
505 399 643 427 Antonius
662 400 726 427 cler.
738 400 882 434 Sweyczer
893 399 1080 433 Newnburge,
1100 397 1148 425 cfr.
1161 398 1319 425 Leonardus
1338 407 1393 425 sac.
1406 398 1440 425 de
1452 398 1643 426 Mertersdorff
1657 398 1685 425 in
1698 398 1810 431 Graecz,

128 450 140 469 5
159 443 207 470 cfr.
220 443 346 470 Clemens
364 443 383 470 1.
395 442 486 470 Ckren
497 442 624 476 Wienne,
643 443 691 470 cfr.
705 443 845 470 Steffanus
863 451 919 470 sac.
932 442 1064 476 antiquus
1082 441 1110 468 in
1129 441 1315 474 Lanckabicz,
1334 442 1382 468 cfr.
1395 442 1590 469 Bonaventura
1611 442 1674 469 cler.
1689 444 1719 469 et
1736 451 1810 477 mag.

157 485 262 513 arcium
276 485 325 512 diu
337 485 526 514 incarceratus
535 486 662 520 Wienne,
681 486 729 513 cfr.
740 486 926 513 Bernardinus
939 486 957 512 l.
965 485 1064 512 Victor
1072 484 1200 518 Wienne,
1218 484 1266 511 cfr.
1278 484 1425 511 Hainricus
1437 493 1492 511 sac.
1505 484 1638 518 antiquus
1651 485 1678 511 in
1690 484 1811 518 Swaecz,

158 529 207 556 cfr.
221 528 397 556 Panthaleon
414 529 433 556 l.
446 531 537 556 sartor
550 529 677 562 Wienne‚
696 529 744 556 cfr.
758 528 873 555 Alexius
891 537 946 556 sac.
959 528 1085 555 Wienne.

260 573 293 600 A.
306 572 332 599 d.
346 572 426 599 1523:
451 572 499 599 cfr.
512 572 631 599 Lazarus
650 572 685 599 de
703 572 885 599 Stroenstorff
899 580 955 599 sac.
970 571 1153 605 [udenburge‚
1178 570 1227 598 cfr.
1241 570 1368 598 Cesarius
1387 579 1441 598 sac.
1456 570 1588 605 antiquus
1607 570 1734 603 Wienne,
1761 571 1810 598 cfr.

157 615 298 643 Antonius
315 616 334 642 1.
347 615 533 650 Newnburge,
552 615 600 642 cfr.
613 615 713 642 Daniel
732 615 796 643 cler.
809 614 936 642 Wienne.

113 664 138 684 ιο
259 660 292 686 Α.
305 659 331 686 d.
346 659 425 686 1524:
444 659 492 686 cfr.
505 658 610 693 Caspar
621 667 695 693 mag.
709 658 822 691 areium,
842 666 897 685 sac.
908 657 1036 690 Wienne,
1055 657 1104 684 cfr.
1114 657 1203 683 Adam
1216 665 1280 689 sac„
1299 655 1468 683 sacristanus
1478 655 1608 690 Wienne,
1627 657 1674 683 cfr.
1687 657 1811 684 Mathias

156 711 211 729 sae.
224 701 327 734 Gloria,
349 702 496 737 presbyter
513 701 542 728 in
560 701 775 734 Rudolfswerdt,
798 701 846 729 cfr.
861 701 1047 735 Wolfgangus
1066 700 1100 727 de
1119 699 1259 727 Cklausen
1278 708 1333 726 sac.
1347 699 1472 732 Wienne,
1500 699 1548 726 cfr.
1562 699 1731 727 Cotthardus
1749 700 1767 727 l.
1781 700 1811 727 in

156 745 243 778 Laws,
262 745 311 772 cfr.
323 745 378 772 Leo
396 745 431 772 de
443 745 538 772 Swacz
556 753 611 772 sae.
625 744 801 779 Egenburge,
820 745 868 771 cfr.
881 743 996 779 Egidius
1015 743 1048 770 de
1062 742 1169 778 Ording
1187 743 1327 770 consessor
1345 743 1374 769 et
1390 742 1583 775 sac.Wienne‚
1602 743 1650 770 cfr.
1665 743 1774 770 Rochus
1792 744 1810 771 l.

156 787 284 821 Wienne‚
303 788 352 815 cfr.
365 787 489 815 Ioaehim
506 787 678 823 guardianus
695 787 726 815 in
743 787 862 820 Fridaw,
881 787 929 814 cfr.
943 786 1115 814 Ckerubinus
1133 794 1189 813 sac.
1204 785 1235 812 in
1255 786 1373 818 Fridaw,
1392 786 1439 812 cfr.
1453 785 1612 820 Stephanus
1631 786 1650 813 1.
1663 786 1763 821 longus
1781 787 1811 813 in

156 831 276 864 Frfflaw,
295 831 342 858 cfr.
352 831 518 858 Walthasar
536 831 599 858 cler.
612 831 642 858 in
654 831 773 863 Swaecz,
791 830 839 858 cfr.
852 829 1009 857 Alexander
1025 829 1088 856 cler.
1101 828 1132 856 in
1146 829 1264 861 Swaecz,
1284 828 1332 855 cfr.
1345 828 1484 855 Adrianus
1497 828 1515 855 1.
1529 828 1638 863 pintter
1648 828 1677 855 in
1690 829 1810 862 Fridaw,

113 879 137 899 1⁵
157 874 206 901 cfr.
219 874 354 902 Sebaldus
370 883 425 901 sac.
438 873 617 902 Ckromeisch
634 873 664 900 in
684 874 803 906 Labaeo,
829 873 878 900 cfr.
890 872 1015 900 Briceius
1033 881 1089 899 sac.
1106 871 1136 898 in
1154 871 1273 904 Fridaw‚
1298 872 1346 899 cfr.
1363 871 1589 899 Wartholomeus
1607 872 1625 899 l.
1642 872 1671 899 in
1691 872 1810 899 Labaco.

259 918 339 944 1525:
366 917 414 945 cfr.
427 917 590 945 Franciscus
608 925 672 950 sac„
697 917 818 951 scriptor
836 916 963 948 Wienne,
987 915 1036 942 cfr.
1049 914 1221 950 Pangraeius
1239 923 1304 946 sae„
1330 917 1494 949 procurator
1512 915 1541 942 in
1559 915 1735 947 Enczestorff,
1761 916 1810 943 cfr.

156 960 341 988 Crisostomus
359 969 414 988 sac.
431 960 466 988 de
484 960 517 987 S⁰
527 960 644 995 Ypolito
661 960 690 986 in
705 959 921 992 Rudolffsberdt,
940 959 989 986 cfr.
1002 958 1142 985 Romanus
1161 967 1215 985 sae.
1230 958 1362 992 antiquus
1380 957 1409 984 in
1423 958 1599 992 Enczestorff,
1618 958 1667 985 cfr.
1680 958 1811 986 Arsenins

155 1012 210 1031 sac.
227 1003 310 1038 (8⁹)2)
333 1003 526 1039 Radegundis,
545 1003 594 1031 cfr.
608 1003 791 1030 Bernardinus
810 1003 827 1030 1.
845 1002 875 1029 in
896 1001 1124 1034 Rudolffswerdt,
1143 1002 1192 1028 cfr.
1205 1000 1310 1028 Michel
1329 1001 1363 1028 de
1382 1001 1527 1028 Prauneck
1545 1010 1600 1028 sac.
1614 1001 1743 1035 Wienne‚
1761 1002 1810 1029 cfr.

156 1046 302 1081 Waptista
320 1055 374 1074 sac.
388 1047 521 1081 antiquus
533 1046 660 1080 Wienne,
679 1047 728 1074 cfr.
741 1046 927 1074 Bernardinus
946 1053 1001 1072 sac.
1014 1054 1078 1072 cum
1095 1053 1198 1080 magna
1217 1053 1285 1072 voce
1297 1044 1425 1072 Wienne.

111 1092 137 1112 ²⁰
258 1090 338 1117 1526:
357 1090 406 1118 cfr.
418 1090 518 1117 Petrus
536 1091 571 1118 de
583 1090 670 1117 Gon-a
683 1089 815 1123 antiquus
827 1097 883 1116 sac.
896 1088 1080 1123 Iudenburge,
1099 1088 1147 1115 cfr.
1161 1088 1271 1115 Marcus
1284 1087 1301 1114 1.
1314 1087 1344 1114 in
1358 1087 1581 1120 Rudolffiwerdt,
1600 1088 1648 1115 cfr.
1662 1087 1810 1115 Hainricus

156 1133 190 1160 de
207 1133 336 1168 Harperg
353 1142 408 1161 sae.
420 1133 451 1161 in
462 1133 609 1168 velsperg,
628 1133 678 1168 eft,
690 1132 830 1160 Martinus
847 1131 980 1166 antiquus
997 1140 1053 1159 sac.
1066 1131 1165 1158 Pilbex
1183 1131 1233 1164 (in)
1247 1131 1430 1166 Noviburgio.
1449 1131 1496 1159 cfr.
1511 1131 1651 1159 Czacheus
1669 1132 1703 1160 de
1715 1131 1811 1159 Swacz

154 1184 210 1203 sac.
225 1175 255 1203 in
273 1176 406 1209 Bolzano,
432 1177 479 1204 cfr.
492 1172 689 1204 Bozieventura
706 1185 761 1203 sac.
778 1185 840 1203 eum
857 1183 961 1210 magna
978 1175 1050 1210 pede
1068 1175 1246 1210 Egenburge,
1273 1174 1322 1201 cfr.
1336 1174 1473 1202 lohannes
1492 1183 1547 1202 sac.
1559 1174 1692 1203 Scheberl
1711 1175 1809 1203 luden-

154 1219 286 1254 mageb),
304 1219 352 1247 cfr.
365 1219 506 1254 Seyfridus
529 1228 584 1247 sac.
602 1221 631 1246 et
645 1216 723 1253 mag.
736 1219 865 1246 noviorum
883 1218 1022 1252 Wyenne,
1050 1218 1098 1245 cfr.
1111 1217 1274 1244 Franciseus
1297 1218 1332 1245 de
1350 1217 1445 1245 Swacz
1467 1218 1486 1245 l.
1504 1218 1533 1245 in
1551 1218 1733 1252 Enczestarff,
1761 1219 1810 1246 cfr.

154 1262 301 1297 luniperus
319 1263 337 1290 1.
350 1270 432 1290 cocus
449 1262 479 1289 in
498 1262 531 1290 So
545 1262 669 1297 Ypolito,
687 1262 735 1290 cfr.
749 1262 869 1289 Isidorus
888 1270 943 1289 sae.
955 1261 986 1288 in
1004 1261 1227 1293 Rudolffswerdt,
1247 1261 1296 1288 cfr.
1309 1261 1434 1288 Iulianus
1452 1270 1507 1288 sae.
1522 1261 1572 1295 (in)
1581 1261 1605 1296 δι)
1623 1261 1810 1297 Novibnrgio.

111 1308 137 1328 2³
258 1306 371 1339 1527b):
390 1306 438 1333 cfr.
453 1305 535 1333 Vitus
553 1314 608 1333 sae.
621 1314 683 1333 cum
701 1305 792 1334 tribus
810 1305 899 1332 oculis
917 1305 1092 1339 Egenburge,
1111 1304 1159 1332 cfr.
1172 1304 1332 1332 Walthasar
1350 1305 1368 1331 1.
1382 1306 1471 1332 sartor
1489 1305 1519 1332 in
1532 1305 1644 1337 Graecz,
1663 1305 1711 1332 cfr.
1724 1305 1808 1332 Boni-

154 1348 243 1376 faeius
263 1349 282 1376 1.
294 1349 324 1375 in
337 1348 426 1380 Stain,
445 1349 493 1376 cfr.
506 1349 696 1376 Ferdinandus
714 1357 770 1376 sac.
783 1348 813 1375 in
832 1349 864 1375 80
877 1347 1003 1383 Ypolito,
1022 1348 1071 1375 cfr.
1084 1347 1207 1374 Mathias
1221 1348 1328 1382 (sac.)⁸)
1342 1347 1475 1382 antiquus
1493 1347 1523 1374 in
1542 1347 1629 1381 Lews,
1649 1349 1697 1375 cfr.
1710 1348 1809 1376 Ewan-

156 1392 259 1427 gelista
272 1400 327 1419 sao.
340 1391 370 1418 in
383 1391 416 1419 S⁰
425 1392 551 1426 Ypolito,
569 1392 618 1420 cfr.
632 1392 756 1419 Ciriaeus
768 1400 824 1432 sac.
837 1391 970 1425 antiquus
982 1391 1111 1423 Wienne,
1130 1391 1178 1418 cfr.
1192 1391 1309 1418 Iacobus
1328 1399 1383 1417 sae.
1396 1390 1525 1418 Piscator
1542 1391 1571 1417 in
1583 1391 1809 1425 Rudolffswerdt,

154 1436 202 1463 cfr.
215 1435 317 1469 Symon
335 1435 434 1462 Petrus
451 1444 507 1463 sac.
520 1435 549 1462 in
569 1434 792 1467 Rudolffswerdt,
811 1434 859 1462 cfr.
873 1434 1037 1462 Franciscus
1055 1434 1174 1468 Magnus
1192 1442 1247 1461 sae.
1262 1433 1291 1460 in
1311 1434 1430 1461 Fridaw.

258 1478 338 1505 15282
357 1478 405 1505 cfr.
419 1478 495 1505 Beda
507 1487 564 1506 sac.
578 1477 660 1512 (Sss)⁸)
678 1478 867 1514 Radegundis,
885 1477 934 1505 cfr.
948 1477 1089 1505 Conradus
1102 1477 1129 1509 1.,
1147 1477 1202 1504 fuit
1215 1479 1306 1504 sartor
1319 1477 1503 1512 1udenburge,
1524 1478 1572 1504 cfr.
1585 1477 1735 1512 Gregorius
1754 1487 1808 1506 sac.

110 1526 136 1546 ³0
153 1521 188 1549 de
205 1521 331 1548 Mildorff
346 1520 519 1556 Noviburge,
547 1523 595 1549 cfr.
608 1521 751 1549 Victorius
774 1530 829 1549 sac.
849 1521 981 1555 antiquus
1004 1520 1038 1548 de
1057 1520 1138 1547 Nova
1156 1516 1273 1547 civ‘itate
1297 1520 1326 1547 in
1345 1520 1462 1552 Graecz,
1491 1521 1540 1547 cfr.
1552 1520 1722 1548 Valentinus
1745 1530 1809 1554 sac„

153 1565 271 1592 Pellifex
290 1564 424 1598 antiquus
447 1565 634 1600 Iudenburge,
658 1565 706 1592 cfr.
724 1564 854 1598 Ignaeius
877 1572 932 1591 sae.
945 1563 1040 1591 Claser
1061 1564 1090 1590 in
1109 1563 1233 1596 Fridaw,
1258 1564 1307 1591 cfr.
1322 1564 1486 1591 Walthasar
1508 1564 1542 1591 de
1561 1563 1641 1598 Spicz
1661 1573 1808 1598 germanus

152 1608 199 1635 fri·
216 1607 325 1643 Ignacii
342 1607 372 1634 in
390 1607 477 1641 Lews,
496 1608 544 1635 cfr.
557 1607 673 1635 Alexius
691 1608 709 1634 1.
723 1609 814 1635 sartor
831 1607 860 1634 in
877 1607 997 1639 Swaecz,
1016 1608 1065 1634 cfr.
1078 1607 1133 1633 Leo
1151 1615 1206 1634 sac.
1221 1608 1367 1642 corruptus
1386 1606 1415 1633 in
1428 1606 1604 1641 Enczestorff,
1623 1607 1671 1634 cfr.
1686 1607 1809 1635 Andreas

153 1651 188 1678 de
207 1652 300 1678 Anaso
318 1659 371 1678 sac.
385 1650 414 1677 in
432 1650 616 1686 Noviburgio‚
635 1651 682 1678 cfr.
697 1651 823 1678 Clemens
842 1659 898 1678 sao.
911 1652 940 1678 et
959 1650 1098 1677 confessor
1115 1650 1197 1677 tercii
1216 1649 1320 1677 ordinis
1339 1650 1368 1676 in
1387 1649 1490 1677 Swacz.

258 1694 337 1721 1529:
356 1694 405 1721 cfr.
418 1694 554 1721 Iohannes
566 1694 672 1721 Sebeck
685 1703 740 1721 sac.
753 1694 783 1721 in
795 1693 914 1726 Fridaw,
934 1694 982 1720 cfr.
995 1693 1144 1727 Gregorius
1161 1693 1195 1720 de
1208 1693 1346 1720 Canabiez
1360 1701 1416 1720 sac.
1429 1693 1458 1719 in
1471 1693 1591 1725 Fridaw,
1611 1694 1659 1720 cfr.
1672 1694 1810 1721 Antonius

109 1742 134 1762 ³³
153 1745 208 1764 sac.
220 1736 310 1772 Niger
327 1737 357 1764 in
375 1737 494 1770 Fridaw,
513 1738 560 1764 cfr.
573 1737 678 1765 Michel
696 1737 730 1764 de
748 1737 878 1764 Aschaeh
895 1745 951 1764 sac.
964 1736 993 1763 iu
1012 1737 1132 1768 Labaco,
1152 1737 1199 1763 cfr.
1213 1736 1356 1764 Conradus
1375 1737 1393 1764 l.
1406 1745 1513 1771 weyser
1531 1736 1662 1764 Salomon
1681 1737 1808 1770 Wienne,

154 1780 201 1807 cfr.
215 1779 351 1808 Melchior
372 1782 463 1808 sartor
485 1780 618 1814 antiquus
640 1780 669 1807 in
687 1780 868 1813 Enczestorff,
895 1780 943 1807 cfr.
957 1779 1153 1806 Wenczeslaus
1172 1788 1227 1807 sac.
1241 1780 1374 1812 Wienne,
1402 1779 1450 1806 cfr.
1465 1780 1620 1807 Bernardus
1639 1781 1657 1807 l.
1676 1789 1757 1807 cocus
1781 1780 1810 1807 in

153 1823 265 1856 Graeca,
285 1824 332 1850 cfr.
347 1822 475 1850 Cesar-ius
492 1823 510 1850 l.
523 1823 651 1856 Wienne,
671 1824 718 1850 cfr.
732 1822 908 1851 Gristofferus
925 1831 989 1855 sac„
1008 1823 1084 1850 Hans
1104 1823 1194 1850 Resch
1214 1823 1242 1850 in
1255 1822 1403 1858 Velspergm
1423 1823 1490 1850 efre-
1508 1821 1651 1851 iuterfecti
1669 1832 1686 1851 a
1699 1824 1810 1856 Tureis;

154 1866 202 1894 cfr.
216 1865 376 1894 Anthonius
388 1867 423 1894 de
436 1866 608 1902 Ckirchperg
618 1875 673 1894 sac.
687 1866 771 1901 (Sfl)⁸)
782 1866 969 1901 Radegundis,
983 1867 1032 1893 cfr.
1045 1867 1199 1893 Germanus
1212 1875 1268 1893 sac.
1279 1866 1414 1900 antiquus
1426 1866 1455 1892 in
1469 1866 1648 1899 Enczestorff,
1661 1867 1710 1894 cfr.
1720 1867 1809 1894 Wolf-

153 1917 262 1944 gangus
280 1917 334 1936 sae.
347 1909 414 1936 Saul
432 1909 462 1936 in
481 1909 660 1942 Enczestorff,
686 1909 734 1937 cfr.
747 1909 876 1936 Urbanus
894 1917 950 1937 sac.
962 1909 992 1936 in
1010 1909 1193 1942 Enczestorff,
1217 1909 1265 1936 cfr.
1279 1909 1466 1937 Bernardinus
1485 1909 1502 1937 l.
1517 1918 1599 1937 cocus
1617 1910 1646 1936 in
1667 1910 1810 1943 Paradiso,

111 1959 136 1978 ⁴0
153 1952 202 1979 cfr.
215 1952 328 1980 Alexius
350 1951 369 1979 l.
389 1960 470 1979 cocus
493 1952 626 1986 antiquus
647 1952 677 1979 in
700 1953 846 1984 Paradiso,
873 1953 922 1980 cfr.
935 1952 1113 1980 Theobaldus
1137 1961 1205 1985 sam,
1233 1953 1281 1979 cfr.
1295 1952 1440 1979 Ladislaus
1463 1961 1519 1980 sac.
1538 1952 1568 1979 in
1592 1952 1809 1987 Ckinigstettem

153 1995 201 2022 cfr.
214 1994 407 2030 Sigismundu·
425 2003 480 2022 sac.
493 1994 522 2022 in
540 1995 758 2030 Ckinigstetten,
780 1996 828 2023 cfr.
842 1995 897 2023 Leo
916 1995 934 2022 1.
948 2003 1037 2028 cocus,
1060 1995 1108 2022 cfr.
1121 1995 1231 2022 Marcus
1250 2004 1306 2022 sac.
1320 1995 1354 2022 de
1373 1995 1542 2030 Egeuburga
1549 1995 1582 2029 d),
1607 1996 1655 2023 cfr.
1669 1996 1810 2023 Czacheus

153 2038 172 2066 1.
187 2047 276 2066 cocus.

257 2081 336 2108 1530:
357 2081 404 2108 cfr.
417 2080 554 2108 Melehior
565 2081 584 2108 1.
597 2082 738 2108 mensator
749 2080 779 2107 in
791 2080 878 2112 Lews,
897 2080 946 2107 cfr.
957 2079 1090 2115 Hylarius
1102 2089 1157 2108 sac.
1171 2080 1199 2107 in
1213 2080 1331 2113 Fridaw,
1352 2081 1399 2108 cfr.
1413 2080 1555 2108 Conradus
1568 2081 1586 2109 1.
1600 2082 1810 2109 elemosinarius

154 2124 236 2158 (Sss)¹)
250 2124 438 2159 Radegundis‚
451 2125 499 2152 cfr.
511 2124 657 2152 Udalricus
667 2124 684 2151 l.
694 2123 904 2152 elemosinarius
916 2123 945 2150 in
957 2123 1098 2158 Pupping,
1112 2125 1161 2151 cfr.
1171 2124 1311 2151 Iohannes
1324 2133 1380 2152 sac.
1394 2125 1493 2159 longus
1506 2125 1540 2152 de
1550 2125 1671 2152 Saxonia
1683 2125 1712 2152 in
1722 2125 1809 2158 Lews,

110 2176 136 2195 45
155 2168 203 2195 cfr.
216 2167 410 2202 Sigismundus
427 2168 445 2195 l.
460 2176 542 2195 cocus
559 2167 588 2194 in
606 2167 746 2199 Bolzan0‚'
761 2167 810 2194 cfr.
823 2167 961 2194 lohannes
980 2167 1014 2194 de
1033 2167 1153 2202 Manneg
1171 2176 1227 2194 sac.
1241 2168 1402 2195 combustus
1420 2167 1450 2194 in
1469 2168 1594 2201 Labaeo,
1619 2169 1668 2195 cfr.
1682 2168 1809 2196 Hilarion

153 2219 208 2238 sac.
221 2210 251 2237 in
258 2211 289 2244 θ),
308 2211 356 2238 cfr.
369 2210 471 2245 Symon
489 2211 507 2238 l.
521 2211 555 2238 de
573 2210 664 2238 Hallis
681 2210 711 2237 in
729 2210 762 2238 S⁰
774 2210 900 2245 Ypolito,
919 2210 967 2237 cfr.
981 2210 1122 2245 Longinus
1140 2211 1159 2237 1.
1172 2212 1302 2238 saturnus
1321 2211 1350 2237 in
1370 2211 1548 2238 Enczestarff.

258 2324 281 2358 ὓ)
307 2333 358 2351 sac.
382 2325 504 2358 supplevi.
608 2324 634 2358 ¹²)
656 2326 808 2359 Iudenbuge
832 2326 887 2351 cod.
1000 2325 1023 2358 c)
1046 2327 1112 2351 2527
1140 2326 1195 2351 cod.
1308 2323 1335 2358 d)
1362 2325 1431 2350 Nota
1457 2325 1549 2351 deleta.
1663 2324 1686 2357 e)
1711 2325 1810 2351 Nomen

156 2368 268 2394 coenobii
285 2368 360 2394 deest.

258 2854 342 2882 Nncn.
355 2854 461 2883 Pinv.
1564 2854 1598 2881 56
