2150 3178
331 206 395 237 598
612 203 738 231 NOTAE
756 202 1040 231 NECROLOGICAE
1057 202 1255 231 ECCLESIAE
1273 202 1300 230 S.
1312 201 1501 230 RUDBERTI
1519 202 1561 230 IN
1580 202 1718 231 MONTE.

366 477 662 537 NOTAE
705 425 1421 536 NECROLOGIOAE
1464 476 1962 536 ECCLESIAE

641 572 699 630 S.
728 571 1183 631 RUDBERTI
1223 571 1320 630 IN
1364 570 1691 630 MONTE.

441 708 560 754 Codex
586 722 693 753 12785
723 721 856 754 minoris
883 722 1005 760 stmnae
1035 721 1289 753 membranaceus
1316 721 1352 752 in
1380 720 1563 753 bibliotheca
1590 731 1739 754 caesarea
1767 721 1998 754 Vindobouensi

331 774 489 815 repositus
510 772 599 812 soliis
615 773 700 804 1—6
715 773 934 805 calendarium
956 783 1036 806 saec.
1055 774 1104 804 14.
1122 773 1250 805 ineunte
1272 772 1465 814 descriptum
1486 772 1710 814 cmnplectitur,
1733 773 1788 806 cui
1808 775 1902 806 notae
1918 784 1997 806 mm-

331 824 439 857 nullae
461 824 671 865 necroloyicae
692 835 713 856 α
729 825 862 857 diversis
875 835 956 857 saec.
974 826 1024 857 14.
1043 825 1188 857 librariis
1201 824 1342 857 adiectae
1357 827 1443 857 sunt.
1485 823 1595 858 Codici
1609 835 1708 858 mamu
1722 825 1840 866 scripw
1854 835 1934 859 saec.
1947 828 1998 859 18.

332 876 424 909 aliud
449 876 564 916 solium
586 877 791 917 praefiyendo
818 877 1052 918 aqylutinatum
1080 880 1138 916 est,
1170 877 1206 908 in
1227 887 1288 917 quo
1310 876 1408 909 abbas
1430 875 1635 909 Victor-iensis
1657 877 1788 910 ewndem
1810 877 1847 910 iu
1869 877 1998 911 ecclesia

331 939 356 960 s.
374 928 513 970 Ruperti
535 929 571 960 in
593 928 704 960 Monte
726 939 794 961 una
816 939 888 961 cum
909 931 1092 961 sanctorum
1114 928 1261 970 reliquiis
1282 929 1455 970 repperisse
1477 929 1628 962 traditur.

436 980 540 1012 Notas
566 980 707 1012 auctoris
733 990 832 1012 manu
853 990 933 1012 saec.
951 981 1002 1012 14.
1023 981 1197 1020 inscripms
1219 980 1334 1013 litteris
1355 980 1542 1020 maioribus,
1571 981 1714 1022 reliquas
1734 985 1828 1015 notas
1849 992 1928 1015 saec.
1945 984 1997 1016 14.

333 1031 491 1064 delabente
512 1032 650 1072 scriptas
672 1031 788 1064 litteris
810 1032 983 1064 maioribus
1006 1033 1097 1064 uncis
1119 1031 1253 1065 inclusis
1275 1033 1503 1073 exscripsimus
1524 1034 1617 1074 atque
1640 1034 1726 1076 operi
1747 1036 1854 1067 nostro
1875 1034 1999 1077 supple-

332 1084 430 1116 menti
452 1084 558 1116 instar
579 1084 805 1117 anneoeuimus.

346 1227 370 1254 5.
504 1236 570 1254 non.
594 1221 602 1265 [
608 1221 719 1254 Gunsa
743 1222 809 1266 ob.]
1027 1182 1305 1220 IANUARIUS.

1006 1303 1288 1341 FEBRUARIU
1291 1304 1328 1341 S.

345 1382 371 1409 4.
453 1383 487 1409 11.
504 1391 570 1410 non.
594 1376 769 1420 [Goyslaus
792 1378 833 1410 de
857 1378 999 1411 Lukwik
1022 1378 1072 1411 ob.
1090 1379 1122 1411 in
1146 1378 1298 1422 Christo]

347 1434 373 1462 6.
416 1433 541 1461 V111.id.
594 1429 769 1472 [Iohannes
781 1429 926 1462 Warwin
950 1442 981 1473 p.
999 1430 1193 1473 Oh(unrad)i
1217 1431 1257 1463 de
1281 1430 1366 1463 villa.
1412 1431 1497 1464 Item
1516 1431 1634 1464 Ruden
1660 1431 1700 1464 de
1716 1432 1857 1476 Hofling
1873 1432 1997 1476 Gh(un-

347 1538 372 1564 7.
427 1537 488 1564 vn.
502 1537 539 1564 id.
593 1481 823 1576 [Ggffgifx]

1052 1576 1282 1614 MARTIUS.

333 1654 375 1681 27.
449 1653 494 1680 VI.
508 1653 564 1680 kal.
592 1649 762 1682 Diemodis
785 1661 838 1681 ux.
855 1649 1000 1682 Heinrici
1024 1651 1129 1683 scribe
1153 1651 1194 1683 de
1218 1651 1329 1684 Monte
1353 1651 1553 1694 sissudperti
1577 1652 1628 1684 ob.
1644 1653 1676 1684 in
1700 1652 1837 1685 Christo.

1078 1765 1252 1803 IUNIUS.

335 1843 376 1870 19.
420 1843 494 1869 XIII.
509 1843 565 1869 kal.
593 1839 770 1871 Dedicacio
794 1840 1002 1883 S⁵Rudpe1fti
1025 1842 1057 1872 in
1080 1841 1200 1873 Monte.

1033 1954 1302 1992 AUGUSTUS.

333 2032 376 2059 25.
419 2031 496 2058 VIII.
510 2032 566 2060 kal.
595 2028 771 2061 Dedicacio
796 2028 825 2060 8³
843 2028 977 2072 Georgii
1000 2030 1033 2061 in
1056 2029 1307 2072 Ohaysehaeh.⁸)

1028 2143 1304 2181 NOVEMBER.

334 2221 376 2248 15.
413 2221 500 2247 XVII.
513 2221 570 2248 kal.
598 2217 772 2261 [Iohannes
795 2218 846 2250 ob.
863 2219 903 2251 de
927 2218 1062 2262 Monta]

1030 2333 1299 2370 DECEMBER.

348 2376 374 2404 5.
506 2386 571 2404 non.
596 2372 770 2416 [Gorsaul.]

334 2429 376 2455 11.
416 2461 418 2463 ¹
444 2428 543 2455 111.id.
597 2423 772 2467 [Iohannes
796 2425 836 2456 de
860 2425 995 2468 Monte.]

332 2479 376 2506 22.
446 2479 564 2506 XLkaI.
594 2475 779 2518 [Iohannes.
826 2475 956 2508 Offmia.
1003 2477 1179 2510 Walterus.
1226 2476 1386 2520 Alhedis]

438 2584 462 2616 ⁸)
482 2584 557 2610 Haec
575 2588 637 2609 nola
655 2585 740 2610 colore
758 2584 837 2609 rubro
857 2585 961 2617 scripta.
