2150 3178
158 599 200 628 10.

171 282 198 310 8.
241 281 315 308 VIII.
329 280 366 307 id.

172 493 197 520 9.
263 493 324 520 VII.
336 493 373 520 id.

270 599 316 627 VI.
331 599 368 626 id.

159 759 200 787 11.
281 759 315 786 V.
329 759 357 786 id

158 918 199 946 12.
272 918 318 946 IV.
331 918 367 945 id.

159 1129 199 1157 13.
226 1169 229 1172 ἢ
267 1128 316 1156 111.
329 1128 366 1155 id.

158 1289 199 1316 14.
283 1289 317 1315 II.
331 1289 368 1315 id.

162 1449 202 1477 15.
329 1449 367 1476 id.

160 1599 201 1627 16.

161 1703 202 1731 17.

160 1910 202 1938 18.

159 1962 204 1991 19.

159 2254 204 2281 21.

161 2503 205 2531 23.

678 187 944 216 NECROLOGIUM
963 186 1299 214 MARIAECELLENSE.
1760 188 1819 219 133

417 275 635 308 Reinoldus
657 285 700 307 m.
716 285 746 306 n.
763 285 790 306 6.
836 274 998 306 Iohannes
1021 273 1125 316 abbr»)
1150 274 1191 306 de
1208 273 1240 305 S.
1254 273 1402 316 Oruee.²)
1447 273 1534 315 Mag.
1550 273 1674 305 Paulus
1697 283 1759 305 sac.
1778 273 1819 305 de

468 327 695 369 Babenberga.
739 326 803 358 Hic
826 329 964 358 testatus
987 329 1037 358 est
1058 325 1151 357 nobis
1172 327 1190 357 8
1207 325 1307 357 libros
1330 326 1362 356 in
1385 325 1454 357 iure
1478 326 1643 367 canonico,
1668 329 1701 357 et
1723 335 1819 367 pera-

467 380 555 421 gitur
583 379 687 410 anniv.
718 389 777 420 pro
809 388 848 410 eo
880 381 914 409 et
943 388 1002 420 pro
1032 377 1097 409 suis
1126 379 1187 408 etc.
1241 376 1293 408 Fr.
1318 376 1467 418 Myohael
1498 377 1589 419 dyac.
1622 377 1662 409 (16
1694 376 1819 418 Campo

470 431 621 462 liliorum.
667 429 802 462 Gabriel
826 429 895 472 pbr.
920 429 961 461 de
984 429 1016 461 S.
1031 428 1199 461 Dorothea
1216 428 1366 460 Wienne.

425 486 533 528 Otto,
562 486 840 526 Ebermannus,
870 485 924 517 cvi
946 496 976 516 n.
997 495 1024 517 6.
1077 484 1289 527 [Rycherus
1313 484 1417 526 dyac.
1468 485 1661 517 Iohannes
1685 484 1727 516 fr.
1745 495 1774 515 ιι.
1792 494 1818 515 6.

469 538 596 570 dictus
618 537 740 580 Mols.]
785 538 944 570 Martinus
966 536 1036 578 pbr.
1054 540 1087 568 et
1110 547 1152 568 m.
1169 535 1210 567 de
1234 535 1265 567 S.
1284 535 1397 567 cruce.
1443 540 1475 567 D.
1489 540 1582 567 Simon
1601 540 1665 567 abb.
1679 540 1706 566 h.
1719 540 1779 571 mss)

419 594 627 627 Heinrious
649 594 727 635 pbr.
745 596 839 625 etm.
856 604 885 625 n.
904 603 930 624 6.
975 591 1226 624 Ruedolfusl.
1273 591 1325 623 Fr.
1343 591 1526 633 Stephanus
1542 592 1612 634 pbr.
1630 595 1719 624 etm.
1737 592 1819 633 prof.

470 648 502 677 in
518 646 685 677 Lambaco
710 648 743 677 et
765 645 803 676 fr.
821 644 954 677 Gabriel
970 644 1040 686 pbr.
1058 647 1090 676 et
1106 655 1147 675 m.
1164 645 1196 675 in
1220 643 1438 686 Tegernnsee.
1484 643 1536 675 Fr.
1552 642 1714 675 Steffanus
1738 643 1819 684 prof.

470 699 501 729 in
526 697 675 729 Gothico.

361 779 366 786 .
418 754 605 787 Albertus
628 753 659 794 1.,
685 754 812 795 agitur
835 753 956 784 anniv.
1009 751 1236 795 [Katherina
1259 752 1289 783 1²
1292 751 1341 794 .b)]
1393 751 1446 783 Fr.
1462 751 1600 783 Iacobus
1624 751 1692 792 pbr.
1718 754 1750 782 et
1778 761 1818 781 111.

468 806 560 838 monii
592 805 763 837 Scotorum
787 804 937 838 Wienne.
989 805 1042 836 Fr.
1066 804 1229 836 Iohannes
1259 804 1466 846 Teynninger
1495 803 1580 845 pbr.,
1614 814 1656 835 m.
1683 804 1764 844 prof.
1787 803 1820 833 in

469 856 716 899 Tegernnsee.¹’)
763 860 806 886 Fr.
819 860 978 894 Stephanus
996 860 1057 894 pbr.
1071 861 1101 887 et
1118 869 1154 886 m.
1167 860 1238 894 prof.
1252 859 1280 886 in
1299 859 1439 894 Gottwieo
1459 859 1535 886 1524.

419 913 611 955 Sygeloch
635 923 687 944 ev.
703 923 733 943 n.
750 923 777 944 c.
823 912 1077 944 Perchtoldus
1100 912 1178 953 pbr.
1225 903 1498 953 Chunegundis
1514 911 1543 942 1·
1560 914 1593 943 et
1608 910 1645 942 fr.
1663 911 1819 952 Augusti-

470 976 529 996 nus
552 964 634 996 diac.
652 967 685 995 et
700 975 742 995 m.
760 963 801 995 de
818 963 1014 1006 Tegernsee.
1060 964 1246 1005 Margareta
1261 963 1325 995 mu·
1341 963 1381 995 de
1397 962 1575 1004 Neuburga
1598 966 1632 994 et
1654 962 1691 994 fr.
1707 963 1819 1003 Augu-

469 1017 569 1048 stinus
585 1016 666 1058 pbr.,
690 1016 772 1058 prof.
788 1015 881 1048 monii
898 1015 1067 1048 Scotorum
1083 1015 1234 1047 Wienne.
1274 1015 1491 1047 Christoferus
1514 1015 1584 1057 pbr.
1604 1014 1645 1046 de
1670 1013 1701 1046 S.
1715 1014 1819 1045 Doro-

469 1068 557 1101 thea.
602 1068 640 1100 P.
657 1067 829 1100 Oswaldus
852 1069 960 1099 senior
982 1067 1023 1099 de
1045 1067 1263 1109 Tegernnsee.

419 1125 628 1156 Hainricus
651 1124 730 1166 pbr.
775 1124 917 1156 Albero
942 1124 961 1156 1.
1009 1123 1099 1155 Otto
1117 1123 1162 1155 de
1179 1123 1310 1155 Paden
1333 1123 1411 1165 pbr.
1429 1126 1466 1155 et
1481 1134 1523 1154 m.
1541 1134 1569 1154 n.
1586 1134 1612 1154 c.
1659 1122 1819 1164 Stepha-

468 1187 536 1208 nus
558 1177 578 1209 l.
624 1176 776 1209 Wentla
798 1176 837 1207 1⁸.
889 1176 941 1207 Fr.
964 1176 1088 1217 Caspar
1114 1175 1182 1217 pbr.
1205 1179 1238 1207 et
1265 1186 1306 1206 m.
1332 1174 1372 1206 de
1400 1174 1528 1206 Melico.
1578 1174 1720 1206 Miehael
1749 1173 1819 1215 pbr.

473 1229 514 1260 de
538 1228 570 1260 S.
587 1228 767 1270 Dorotheu,
790 1228 828 1259 fr.
845 1239 886 1268 n.‚
911 1232 944 1260 et
968 1228 1005 1259 fr.
1023 1227 1184 1269 Georgius
1207 1238 1254 1259 cv.
1273 1227 1312 1259 de
1337 1226 1494 1258 Gotwioo.

419 1285 649 1326 Lewpoldus
671 1295 722 1316 cv.
739 1295 769 1316 n.
787 1295 813 1316 6.
859 1283 1092 1326 [Fridericus
1116 1283 1135 1315 l.
1182 1282 1323 1325 Symon
1345 1283 1423 1325 pbr.
1449 1286 1486 1314 et
1508 1293 1550 1314 m.
1572 1282 1617 1314 de
1641 1282 1673 1314 S.
1689 1282 1818 1314 Cruce.

469 1336 696 1368 Wilhalmus
727 1336 769 1368 fr.
793 1347 824 1368 n.
849 1347 875 1367 6.
933 1335 1136 1367 Gertrudis
1171 1335 1225 1377 1⁶.]
1280 1335 1333 1366 Fr.
1361 1334 1496 1377 Egidius
1530 1334 1599 1376 pbr.
1636 1338 1668 1366 et
1702 1345 1743 1365 m.
1779 1334 1819 1365 de

471 1388 633 1420 Gottvico.

419 1444 652 1485 Hartwicus‚
676 1444 906 1484 Udscalcus‚
930 1444 982 1475 evi
999 1455 1028 1475 ιι.
1046 1454 1073 1475 6.
1119 1443 1311 1475 Iohannes
1335 1443 1440 1484 prior
1456 1454 1485 1474 n.
1502 1453 1529 1474 6.
1576 1441 1776 1474 Gotfridus
1800 1442 1820 1473 l.

471 1495 511 1527 D.
529 1496 696 1528 Erhardus
719 1495 794 1527 abb.
812 1494 1080 1537 GottwicensiS.³)
1126 1499 1264 1526 lohannes
1286 1498 1350 1525 abb.
1370 1498 1404 1525 de
1423 1498 1701 1532 Krems(muns)ter.⁴)
1738 1497 1821 1524 Udal-

469 1547 542 1574 ricus
561 1547 625 1574 abb.
645 1547 678 1574 de
697 1547 835 1574 Garstenn
857 1547 971 1580 (emme)
990 1548 1021 1573 11
1042 1546 1184 1574 fratribus.

236 1600 394 1627 XV1[.ka1.
418 1595 572 1627 Wezelo
602 1595 679 1637 pbr.
703 1598 740 1627 et
769 1605 811 1626 m.
857 1594 1000 1637 Geysla
1022 1595 1062 1626 1².
1108 1595 1160 1626 Fr.
1182 1594 1323 1626 Michael
1352 1594 1422 1636 pbr.
1452 1598 1484 1625 et
1514 1605 1555 1625 m.
1581 1593 1621 1625 (16
1653 1593 1683 1625 S.
1706 1593 1820 1625 Cruce.

471 1646 622 1679 Eufemia
645 1646 708 1678 mu·
732 1647 772 1679 (16
796 1646 988 1678 Goettwico.

251 1702 323 1729 XVI.
337 1702 392 1729 kal.
416 1698 584 1730 Wentila
606 1699 645 1730 1⁸.
691 1690 919 1740 Dyemudis‚
943 1698 1219 1739 Eberhardus‚
1241 1698 1273 1739 li,
1298 1701 1331 1729 et
1347 1697 1383 1729 fr.
1398 1697 1626 1739 Wolffgangus
1643 1697 1712 1739 pbr.
1729 1700 1761 1728 et
1777 1708 1820 1728 m.

469 1751 503 1782 in
532 1750 728 1792 Tegernsee.
785 1750 825 1781 D.
852 1749 973 1792 Symon
1007 1751 1114 1782 senior
1147 1749 1217 1791 pbr.
1244 1749 1327 1791 prof.
1358 1749 1390 1780 in
1422 1748 1608 1790 Newburga
1638 1748 1820 1781 claustrali.

468 1802 746 1844 D.Wolffgangus
762 1802 849 1844 pleb.
863 1812 905 1834 ex
917 1801 1158 1834 Lewberstorff.
1189 1801 1276 1843 Mag.
1286 1801 1441 1833 Nicolaus
1455 1800 1496 1832 de
1508 1800 1786 1842 Tinkhelspuehel
1794 1800 1820 1843 5)

471 1854 584 1886 doctor
607 1864 698 1886 sacre
721 1853 898 1896 theologie,
923 1854 978 1886 cfr.
996 1854 1069 1896 n.‘¹)‚
1089 1859 1118 1885 et
1137 1858 1168 1884 fr.
1181 1857 1321 1884 Iohannes
1340 1865 1382 1884 cv.
1402 1857 1435 1884 de
1455 1856 1480 1883 S.
1494 1856 1589 1883 Cruce.

265 1910 325 1937 XV.
338 1910 396 1937 kal.
420 1905 655 1938 Herwordus
678 1906 759 1948 pbr.
777 1909 814 1937 et
836 1916 878 1937 m.
895 1917 926 1940 n.
943 1916 970 1938 6.
1016 1905 1242 1948 Sighardus,
1266 1905 1434 1937 Perchta
1456 1915 1526 1945 ux„
1550 1904 1583 1935 1¹.

252 1961 326 1988 XIV.
339 1961 397 1988 kal.
420 1957 478 1989 Ibi
501 1959 630 1999 agitur
652 1958 775 1989 anniv.
799 1957 984 1989 videlieet
1007 1958 1157 1989 Letare
1181 1957 1226 1989 de
1251 1956 1441 1989 custodia.
1488 1929 1616 1988 Ulricus
1639 1955 1714 1987 abb.
1760 1955 1819 1987 Er-

471 2009 592 2041 hardus
614 2009 684 2051 pbr.
709 2009 750 2041 de
774 2008 805 2040 S.
822 2008 1002 2041 Dorothea.
1048 2009 1220 2051 Nycolaus.
1267 2013 1309 2039 Fr.
1326 2011 1449 2039 Michael
1474 2011 1507 2038 de
1532 2011 1687 2038 Franconia
1709 2011 1770 2045 pbr.
1791 2013 1820 2038 et

472 2069 508 2087 m
527 2060 561 2086 de
579 2059 605 2087 S.
619 2059 716 2087 cruce.

258 2108 331 2134 XIII.
346 2107 401 2134 kal.
426 2103 515 2135 Otto
545 2103 643 2145 pleb.
668 2104 706 2135 in
730 2103 989 2146 Chawmperg.
1038 2103 1229 2135 Rudolfus
1253 2103 1331 2145 pbr.
1381 2102 1610 2144 Nyecolaus
1633 2102 1819 2144 subdyac.

470 2166 500 2187 n.
518 2165 544 2187 6.
592 2154 653 2186 Ob.
670 2155 707 2186 fr.
724 2155 853 2197 Kaspar
875 2155 946 2197 pbr.
964 2155 1004 2187 de
1028 2155 1343 2197 Paumgartenberg.
1388 2158 1420 2185 D.
1439 2158 1575 2193 Georgius
1603 2158 1667 2185 abb.
1686 2158 1766 2185 monii
1790 2158 1819 2184 in

473 2206 766 2238 Krembsmuenster.⁸)

267 2253 328 2281 XII.
342 2253 398 2281 kal.
421 2250 608 2282 Ernestus
624 2260 676 2281 cv.
693 2261 723 2281 n.
738 2260 764 2281 6.
803 2250 930 2292 Agnes
946 2249 984 2281 1².
1022 2249 1090 2293 [Fr.
1106 2250 1295 2282 Henrious
1311 2260 1363 2281 cv.
1381 2249 1427 2281 (16
1443 2248 1603 2292 Melico.]
1642 2255 1685 2281 Fr.
1697 2255 1820 2282 Miehael

473 2301 596 2328 Notinus
615 2301 675 2335 pbr.
690 2303 719 2327 et
736 2310 772 2327 m.
785 2300 952 2332 Melicensis,
971 2302 1069 2336 pastor
1086 2300 1116 2327 in
1135 2301 1315 2333 Pfafstetten,
1333 2301 1378 2328 ob.
1391 2301 1420 2327 in
1439 2300 1557 2328 Christo.

282 2347 328 2375 XI.
342 2348 398 2375 kal.
423 2344 656 2377 Herwordus
679 2344 760 2386 pbr.
785 2347 824 2376 et
851 2355 893 2376 m.
910 2356 940 2377 n.
958 2355 999 2385 6.,
1030 2345 1149 2386 prior.
1200 2344 1364 2376 Gerloch
1387 2345 1430 2376 fr.
1449 2356 1477 2377 n.
1496 2356 1522 2379 6.
1570 2344 1639 2387 [Fr.
1656 2344 1820 2376 Iacobus

471 2396 550 2438 pbr.
576 2399 615 2428 et
637 2407 679 2428 m.
697 2395 742 2428 de
766 2395 928 2439 Melioo.]
973 2396 1091 2428 Petrus
1113 2396 1183 2438 pbr.
1207 2399 1241 2428 et
1263 2407 1304 2428 m.
1322 2407 1351 2428 n.
1370 2407 1396 2428 6.
1442 2397 1494 2428 Fr.
1510 2397 1682 2428 Ludwicus
1705 2407 1753 2428 cv.
1778 2396 1818 2429 (16

472 2448 654 2490 Tyrnstain.

296 2504 329 2532 X.
340 2504 398 2531 kal.
424 2499 624 2532 Gotfridus
648 2499 688 2531 fr.
707 2511 736 2531 n.
753 2510 780 2531 0.
825 2499 1040 2541 Perngerus
1063 2499 1082 2531 l.
1127 2499 1320 2532 Chunradus
1343 2510 1390 2532 cv.
1408 2500 1447 2532 de
1471 2500 1502 2532 S.
1517 2499 1630 2532 Gruee.
1669 2505 1713 2531 Fr.
1731 2505 1818 2532 Leon-

473 2551 577 2578 hardus
596 2559 656 2578 can.
675 2551 703 2577 in
723 2550 891 2577 Tiernstain.

268 2662 293 2697 Β)
311 2665 439 2690 Iohannes
456 2664 516 2690 abb.
534 2672 612 2697 super
631 2665 686 2690 loco
704 2672 765 2690 raso
784 2664 913 2697 scriptam.
1006 2663 1031 2697 b)
1050 2664 1120 2690 Nota
1137 2672 1214 2696 super
1232 2665 1288 2690 loco
1305 2673 1366 2689 raso
1384 2664 1489 2696 scripta.
1583 2663 1606 2695 ⁰)
1623 2671 1682 2688 cum
1695 2662 1819 2695 supplevi.

161 2705 187 2739 d)
208 2706 277 2732 Nota
294 2707 379 2733 colore
397 2707 477 2733 rubro
494 2708 599 2740 scripta.

269 2783 289 2815 ¹)
308 2782 441 2810 lohannes
453 2783 503 2817 ΙΙ,
519 2786 688 2811 1417—1435.
777 2784 798 2817 ²)
817 2783 909 2810 Sinum
923 2782 1034 2810 Fwdaer
1045 2787 1219 2811 1536—1546.
1309 2785 1330 2817 ³)
1348 2782 1495 2810 Erhardus
1506 2783 1538 2809 de
1549 2782 1632 2817 Styra
1644 2785 1819 2809 1482—1489.

162 2826 185 2859 ⁴)
204 2825 340 2852 Iohawnes
357 2826 380 2853 Ι.
399 2826 510 2853 Schrein
528 2830 698 2854 1505—1524.
794 2826 814 2859 ⁸)
836 2826 882 2853 ob.
895 2827 925 2852 in
944 2826 1017 2853 Cella
1029 2826 1140 2853 Mariae
1156 2836 1182 2854 a.
1196 2829 1266 2854 1433.
1356 2828 1376 2860 ⁸)
1400 2826 1532 2860 Georyius
1549 2825 1633 2860 Spatz
1651 2829 1818 2853 1500—1505.
