2150 3178
333 158 399 189 446

357 604 388 1048 5090J¹9²9¹2⁸²÷030-·

339 1071 353 1570 t-b——ud—t-b——bv--bt-b

359 1072 389 1571 509⁰J¹9³0¹²²90b⁹'··.0

338 1645 389 1676 20.

338 1697 389 1727 21.

338 1749 389 1779 22.

338 1801 389 1831 23.

338 1852 389 1882 24.

338 1904 389 1934 25.

338 1956 390 1987 26.

338 2007 390 2038 27.

340 2059 390 2091 28.

339 2111 390 2142 29.

339 2163 390 2194 30.

340 2215 391 2246 31.

341 2377 447 2404 amnium

653 141 659 146 ⁵
716 155 932 184 CATALOGUS
948 155 1309 185 ANNIVERSARIORUM
1326 155 1618 186 GEMNIOENSIUM.

934 359 969 396 2.
997 349 1404 398 OATALOGUS

538 422 1212 471 ANNIVERSARIORUM
1245 423 1799 474 GEMNIGENSHJM.

461 531 555 565 Nunc
578 535 731 565 secuntur
752 531 871 565 anniv¹¹
894 534 1050 566 extranea
1071 532 1124 565 vel
1145 533 1291 566 Placebo
1299 533 1328 577 ¹)
1351 533 1467 567 domus
1489 534 1588 568 Troni
1610 536 1644 568 in
1666 534 1875 579 Gamnieob):

379 625 387 633 .
410 601 474 634 Die
498 603 528 634 2.
544 601 697 643 Ianuarii,
721 601 901 634 Gerdrudis
922 612 977 634 ux.
993 601 1043 634 fr¹·
1064 601 1218 635 Hertnidi
1240 602 1297 635 ον’.

414 656 463 686 14.
480 653 633 694 Ianuarii,
656 653 882 696 Margarew)
904 653 971 686 filia
993 653 1183 687 fundatoris.
1227 654 1269 687 D.
1285 654 1480 699 Hayricus⁰)
1503 655 1590 699 pleb.
1607 656 1640 690 8¹
1654 657 1838 691 Laurencii.
2032 670 2044 690 ι

413 707 464 738 22.
480 705 660 746 Februarii,
683 705 812 746 Ulricus
834 705 1041 748 Phanczagel
1063 716 1138 739 cum
1160 706 1222 740 sibi
1243 707 1414 750 adiunctis,
1437 708 1497 741 civ,
1513 708 1645 742 Wienn.
1959 715 1962 721 ’

434 759 463 789 9.
481 756 534 789 die
557 756 682 798 Marcii,
705 756 887 790 Katherina
911 757 952 790 de
974 757 1182 801 Rorenpach.

413 810 464 840 21.
480 808 604 849 Marcii,
627 808 811 851 Haynricus
833 808 920 851 pleb.
937 808 979 842 de
1003 809 1041 842 8⁰
1055 809 1261 843 Leonhardo.

412 862 463 892 25.
480 859 604 901 Marcii,
627 860 777 893 Elizabet
785 860 813 903 ²)
835 871 890 893 ux.
907 860 998 893 ducis
1021 861 1160 895 Ottonis.

414 913 464 945 28.
481 911 662 953 Februarii,
685 911 716 944 (1.
732 912 889 946 Albertus
912 923 983 956 cap.
1000 912 1043 946 ad
1066 917 1120 945 smn
1135 912 1306 951 Nicolaum
1321 913 1463 949 Wienne
1485 907 1579 948 extra
1600 926 1719 949 muros.
2019 929 2046 950 ιο

416 966 464 997 16.
482 964 535 997 die
558 964 692 1007 Aprilis,
715 964 747 997 (1.
763 963 922 998 Gerlacus
944 975 1009 998 sac.

433 1019 464 1048 4.
480 1015 570 1058 Maii,
594 1016 625 1049 d.
642 1016 821 1054 Ottakarus
843 1028 907 1050 sac.
924 1017 966 1050 de
988 1017 1117 1051 Melico.

434 1071 464 1102 6.
481 1069 570 1111 Maii,
592 1079 679 1112 mag.
697 1069 908 1102 Wenczslaus
930 1069 1072 1113 lapicida
1095 1069 1136 1103 de
1159 1069 1279 1114 Praga.

381 1144 388 1153 .
415 1123 464 1154 11.
481 1120 534 1154 die
558 1120 647 1162 Maii,
670 1132 757 1165 mag.
773 1121 971 1164 Hayricus0)
994 1121 1036 1155 de
1060 1121 1146 1165 Oyta
1169 1132 1245 1165 sac„
1271 1122 1385 1156 doctor
1406 1133 1498 1156 sacre
1521 1123 1696 1167 theologie.

416 1174 465 1206 18.
482 1173 571 1215 Maii,
595 1173 626 1205 d.
642 1173 798 1206 Albertus
822 1183 890 1216 eps.
906 1173 1054 1217 Patav.³)
2020 1189 2044 1209 ιε

434 1228 464 1258 6.
481 1225 574 1268 Iunii,
598 1225 753 1258 Nicolaus
776 1225 817 1259 de
840 1225 1046 1269 Rorenpach.

382 1301 390 1310 .
417 1279 465 1309 17.
482 1277 577 1320 Iunii,
601 1278 632 1310 d.
648 1277 811 1311 Iohannes
833 1277 1018 1321 patriarcha
1040 1278 1283 1312 Alexandrinus
1291 1278 1330 1322 ⁴),
1354 1278 1432 1312 olim
1456 1289 1523 1322 eps.
1538 1279 1723 1322 Pragensis.

381 1353 389 1362 .
414 1331 464 1362 22.
481 1329 576 1371 Iunii,
601 1330 793 1363 Ohunradus
816 1330 981 1373 Hallpeck
1005 1341 1078 1363 cum
1101 1330 1360 1364 antecessoribus
1382 1331 1457 1364 suis.

436 1383 465 1414 7.
481 1381 576 1423 Iunii,
600 1382 631 1414 d.
647 1382 811 1415 Iohannes
834 1381 921 1425 pleb.
937 1383 970 1415 in
993 1381 1176 1416 Gmunden.

435 1436 464 1466 6.
481 1433 568 1475 Iulii,
591 1434 734 1467 Thomas
757 1434 893 1477 pellifex
914 1445 946 1467 n.
1437 1429 1439 1432 ¹
2018 1448 2045 1470 2⁰

417 1487 465 1518 12.
482 1485 567 1527 Iulii,
591 1485 739 1518 Elizabet
761 1487 885 1529 regina,
907 1497 961 1519 ux.
978 1488 1065 1530 regis
1088 1487 1287 1530 Friderici.⁸)

414 1540 465 1571 20.
481 1537 567 1580 Iulii,
590 1537 757 1571 Erhardus
778 1538 974 1572 Mistelbeck
997 1540 1056 1572 civ.
1073 1539 1204 1572 Wienn.
1221 1550 1295 1572 cum
1317 1539 1379 1572 sibi
1401 1539 1560 1573 adiunctis
1582 1542 1616 1573 et
1637 1540 1791 1575 Nicolaus
1806 1539 2004 1584 Pogenwirt,

649 1591 708 1623 civ.
726 1590 767 1623 de
789 1591 907 1624 Ausse.

415 1644 466 1675 30.
483 1642 536 1674 die
560 1642 644 1684 Iulii,
669 1643 699 1675 d.
716 1642 840 1675 Paulus
862 1643 949 1686 pleb.
966 1644 998 1675 in
1020 1643 1186 1676 Pockstal.

414 1695 465 1726 31.
482 1694 566 1735 Iulii,
591 1694 622 1726 (1.
638 1694 800 1736 Hayricus
807 1695 834 1737 0)
859 1695 900 1727 de
916 1695 1131 1728 Wintertawe
1155 1705 1223 1738 eps.
1241 1695 1462 1728 Lavantensis.
2019 1708 2045 1729 2⁵

418 1749 465 1779 10.
483 1746 536 1779 die
559 1747 710 1789 Augusti,
734 1746 801 1779 dux
822 1747 1010 1789 Leopoldus
1022 1747 1048 1790 ⁶)
1072 1747 1115 1780 fil.
1132 1747 1224 1780 ducis
1247 1747 1387 1780 Ottonis.

416 1800 464 1831 19.
482 1798 632 1841 Augusti,
656 1798 686 1831 d.
703 1798 866 1831 Iohannes
887 1798 1090 1832 Hauslarius.

436 1852 465 1883 3.
483 1850 695 1892 Septembris,
717 1851 814 1882 Anna
825 1851 851 1893 ¹¹)
874 1861 929 1883 ux.
946 1851 1038 1884 ducis
1061 1851 1200 1884 Ottonis.

437 1903 465 1934 8.
483 1901 694 1945 Septembris,
718 1903 749 1934 d.
765 1902 947 1935 Anthonius
970 1914 1062 1946 ppos.
1078 1903 1209 1936 Wienn.

417 1957 466 1986 14.
484 1953 696 1997 Septembris,
720 1954 752 1986 (1.
767 1954 930 1987 Iohannes
954 1965 1023 1987 can.
1039 1955 1072 1987 in
1089 1955 1240 1988 Wienna.
2020 1969 2046 1990 no

417 2008 466 2038 19.
484 2006 695 2049 Septembris,
719 2007 756 2039 (1·
778 2006 927 2039 Elizabet
947 2007 1014 2040 filia
1035 2007 1243 2050 imperatoris
1252 2007 1280 2050 ⁵)
1303 2007 1356 2040 hic
1378 2008 1517 2050 sepulta.

415 2060 467 2090 29.
484 2057 697 2100 Septembris,
721 2058 871 2091 Andreas
892 2059 1101 2092 Mautthaber
1123 2059 1164 2092 de
1186 2059 1338 2102 Flaming
1360 2062 1394 2092 et
1417 2058 1557 2092 Oristina
1577 2070 1632 2092 ux.
1650 2060 1729 2093 eius.

437 2113 466 2142 5.
484 2109 646 2152 Octobris,
670 2110 701 2142 d.
717 2110 925 2143 Purchardus
948 2121 1023 2152 sac„
1048 2112 1103 2153 qui
1127 2111 1218 2144 dedit
1241 2111 1351 2144 domui
1372 2111 1516 2144 bibliam.

418 2163 466 2193 17.
485 2161 646 2203 Octobris,
670 2162 700 2194 d.
719 2163 882 2195 Iohannes
905 2162 947 2195 (le
969 2162 1166 2206 Puechperg
1189 2173 1259 2195 can.
1274 2162 1390 2195 Patav.

416 2214 467 2245 21.
485 2213 646 2256 Octobris,
671 2213 856 2256 Stephanus
878 2214 973 2257 Lang
995 2215 1055 2247 civ.
1070 2214 1246 2247 Brunensis
1269 2225 1342 2247 cum
1366 2214 1427 2247 sibi
1450 2214 1656 2258 deputatis.‘¹)
2019 2229 2046 2249 ιι

445 2335 469 2368 ⁸)
490 2335 613 2369 Officium
631 2336 821 2369 defunctorum.
909 2335 935 2370 ¹³)
954 2337 1117 2363 Praecedem
1133 2337 1221 2364 titulun
1233 2338 1319 2364 colore
1330 2337 1410 2363 rubro
1421 2338 1539 2371 ecn’plus.
1627 2337 1651 2371 c)
1671 2337 1733 2364 cod.
1820 2336 1845 2371 ⁶)
1864 2337 2003 2371 Sequania

465 2378 590 2404 mensium
612 2378 734 2412 Octobris,
751 2379 903 2406 Novembris
921 2384 945 2406 et
962 2380 1110 2406 Decembris
1127 2381 1155 2406 in
1173 2381 1267 2413 codice,
1284 2381 1346 2413 quia
1363 2388 1469 2413 aequem
1486 2380 1579 2414 folium
1597 2381 1711 2407 evalewm
1729 2385 1773 2414 eet,
1790 2381 1889 2408 desunt.

446 2455 466 2488 ¹)
490 2454 567 2482 Filia
593 2455 695 2482 Atheni
719 2455 759 2482 ΙΙ.
780 2455 820 2483 ob.
840 2464 866 2483 a.
887 2459 960 2483 1366.
1078 2457 1099 2490 ²)
1124 2456 1171 2484 Ob.
1188 2459 1304 2484 a.1330.
1420 2457 1441 2490 ⁸)
1463 2456 1588 2484 Asterius
1613 2457 1646 2484 de
1673 2457 1798 2486 Saxom'a
1824 2460 2001 2486 1320-1342.

341 2497 363 2532 ⁴)
382 2497 521 2568 IOohamws
544 2498 590 2526 VI.
609 2507 627 2525 a
651 2499 832 2533 Jenzenstein,
861 2508 913 2534 eps.
927 2502 1111 2534 1379-1396,
1134 2500 1173 2528 ob.
1186 2509 1212 2528 a.
1225 2503 1300 2528 1400.
1418 2501 1439 2534 ⁸)
1458 2499 1593 2528 Fraterici
1609 2500 1669 2528 ΙΙΙ.
1787 2501 1809 2535 ⁸)
1829 2500 1875 2528 Ob.
1889 2509 1914 2528 a.
1927 2503 2001 2529 1344.
2020 2543 2047 2563 ω

341 2541 363 2574 ⁷)
410 2541 433 2568 b.
446 2550 471 2568 α.
485 2544 555 2569 1338.
1278 2570 1285 2573 ,
