<?xml version="1.0" encoding="UTF-8"?>
<!DOCTYPE html PUBLIC "-//W3C//DTD XHTML 1.0 Transitional//EN"
    "http://www.w3.org/TR/xhtml1/DTD/xhtml1-transitional.dtd">
<html xmlns="http://www.w3.org/1999/xhtml" xml:lang="en" lang="en">
 <head>
  <title>
</title>
<meta http-equiv="Content-Type" content="text/html;charset=utf-8" />
  <meta name='ocr-system' content='tesseract 3.04.00' />
  <meta name='ocr-capabilities' content='ocr_page ocr_carea ocr_par ocr_line ocrx_word'/>
</head>
<body>
  <div class='ocr_page' id='page_1' title='image "./monumentagerman05geseuoft_0533.png"; bbox 0 0 2150 3178; ppageno 0'>
   <div class='ocr_carea' id='block_1_1' title="bbox 545 171 1797 206">
    <p class='ocr_par' dir='ltr' id='par_1_1' title="bbox 545 171 1797 206">
     <span class='ocr_line' id='line_1_1' title="bbox 545 171 1797 206; baseline 0.002 -7"><span class='ocrx_word' id='word_1_1' title='bbox 545 172 810 200; x_wconf 85' lang='lat' dir='ltr'>NECROLOGIUM</span> <span class='ocrx_word' id='word_1_2' title='bbox 829 171 1018 199; x_wconf 86' lang='lat' dir='ltr'>CANONIAE</span> <span class='ocrx_word' id='word_1_3' title='bbox 1035 172 1085 199; x_wconf 93' lang='lat' dir='ltr'><strong>AD</strong></span> <span class='ocrx_word' id='word_1_4' title='bbox 1103 173 1129 200; x_wconf 88' lang='lat' dir='ltr'><strong>S.</strong></span> <span class='ocrx_word' id='word_1_5' title='bbox 1143 172 1392 200; x_wconf 84' lang='lat' dir='ltr'><strong>HIPPOLYTUM.</strong></span> <span class='ocrx_word' id='word_1_6' title='bbox 1734 177 1797 206; x_wconf 82' lang='grc'><strong>519</strong></span> 
     </span>
    </p>
   </div>
   <div class='ocr_carea' id='block_1_2' title="bbox 450 258 1798 608">
    <p class='ocr_par' dir='ltr' id='par_1_2' title="bbox 450 258 1798 608">
     <span class='ocr_line' id='line_1_2' title="bbox 452 258 1797 301; baseline 0.001 -11"><span class='ocrx_word' id='word_1_7' title='bbox 452 259 540 290; x_wconf 84' lang='lat' dir='ltr'><strong>riano</strong></span> <span class='ocrx_word' id='word_1_8' title='bbox 564 258 632 300; x_wconf 90' lang='lat' dir='ltr'>pbr.</span> <span class='ocrx_word' id='word_1_9' title='bbox 651 261 684 290; x_wconf 76' lang='lat' dir='ltr'><strong>et</strong></span> <span class='ocrx_word' id='word_1_10' title='bbox 707 259 762 290; x_wconf 86' lang='lat' dir='ltr'><strong>ofr.</strong></span> <span class='ocrx_word' id='word_1_11' title='bbox 780 270 809 290; x_wconf 92' lang='lat' dir='ltr'><strong>n.</strong></span> <span class='ocrx_word' id='word_1_12' title='bbox 855 258 1004 301; x_wconf 80' lang='lat' dir='ltr'><strong>Mathyas</strong></span> <span class='ocrx_word' id='word_1_13' title='bbox 1028 258 1098 291; x_wconf 83' lang='lat' dir='ltr'><strong>deo.</strong></span> <span class='ocrx_word' id='word_1_14' title='bbox 1114 259 1147 290; x_wconf 86' lang='lat' dir='ltr'><strong>in</strong></span> <span class='ocrx_word' id='word_1_15' title='bbox 1167 258 1297 300; x_wconf 78' lang='lat' dir='ltr'><strong>Subem‚</strong></span> <span class='ocrx_word' id='word_1_16' title='bbox 1322 260 1390 301; x_wconf 90' lang='lat' dir='ltr'><strong>pbr.</strong></span> <span class='ocrx_word' id='word_1_17' title='bbox 1407 262 1441 292; x_wconf 80' lang='lat' dir='ltr'><strong>et</strong></span> <span class='ocrx_word' id='word_1_18' title='bbox 1463 260 1519 292; x_wconf 83' lang='lat' dir='ltr'><strong>cfr.</strong></span> <span class='ocrx_word' id='word_1_19' title='bbox 1536 270 1566 291; x_wconf 93' lang='lat' dir='ltr'><strong>n.</strong></span> <span class='ocrx_word' id='word_1_20' title='bbox 1612 260 1733 292; x_wconf 87' lang='lat' dir='ltr'><strong>Paulus</strong></span> <span class='ocrx_word' id='word_1_21' title='bbox 1756 260 1797 292; x_wconf 89' lang='lat' dir='ltr'><strong>de</strong></span> 
     </span>
     <span class='ocr_line' id='line_1_3' title="bbox 454 309 1797 353; baseline 0.002 -13"><span class='ocrx_word' id='word_1_22' title='bbox 454 309 626 341; x_wconf 80' lang='lat' dir='ltr'><strong>Goettbieo</strong></span> <span class='ocrx_word' id='word_1_23' title='bbox 649 310 719 351; x_wconf 86' lang='lat' dir='ltr'><strong>pbr.</strong></span> <span class='ocrx_word' id='word_1_24' title='bbox 737 314 770 342; x_wconf 79' lang='lat' dir='ltr'><strong>et</strong></span> <span class='ocrx_word' id='word_1_25' title='bbox 793 310 848 341; x_wconf 83' lang='lat' dir='ltr'><strong>cfr.</strong></span> <span class='ocrx_word' id='word_1_26' title='bbox 865 321 895 341; x_wconf 94' lang='lat' dir='ltr'><strong>n.</strong></span> <span class='ocrx_word' id='word_1_27' title='bbox 933 310 1080 351; x_wconf 87' lang='lat' dir='ltr'><strong>Benigna</strong></span> <span class='ocrx_word' id='word_1_28' title='bbox 1103 310 1166 342; x_wconf 64' lang='lat' dir='ltr'><strong>mm</strong></span> <span class='ocrx_word' id='word_1_29' title='bbox 1183 311 1223 342; x_wconf 85' lang='lat' dir='ltr'><strong>de</strong></span> <span class='ocrx_word' id='word_1_30' title='bbox 1239 310 1423 353; x_wconf 82' lang='lat' dir='ltr'><strong>Newburga</strong></span> <span class='ocrx_word' id='word_1_31' title='bbox 1442 315 1475 343; x_wconf 79' lang='lat' dir='ltr'><strong>et</strong></span> <span class='ocrx_word' id='word_1_32' title='bbox 1491 322 1612 343; x_wconf 82' lang='lat' dir='ltr'><strong>consor.</strong></span> <span class='ocrx_word' id='word_1_33' title='bbox 1630 322 1659 343; x_wconf 90' lang='lat' dir='ltr'><strong>n.</strong></span> <span class='ocrx_word' id='word_1_34' title='bbox 1699 311 1797 344; x_wconf 85' lang='lat' dir='ltr'><strong>Nico-</strong></span> 
     </span>
     <span class='ocr_line' id='line_1_4' title="bbox 451 361 1798 403; baseline 0.002 -11"><span class='ocrx_word' id='word_1_35' title='bbox 451 361 521 392; x_wconf 90' lang='lat' dir='ltr'><strong>laus</strong></span> <span class='ocrx_word' id='word_1_36' title='bbox 538 361 761 393; x_wconf 83' lang='lat' dir='ltr'><strong>Wolbekhant</strong></span> <span class='ocrx_word' id='word_1_37' title='bbox 788 361 843 393; x_wconf 83' lang='lat' dir='ltr'><strong>cfr.</strong></span> <span class='ocrx_word' id='word_1_38' title='bbox 866 372 911 403; x_wconf 90' lang='lat' dir='ltr'><strong>n.,</strong></span> <span class='ocrx_word' id='word_1_39' title='bbox 944 363 999 403; x_wconf 92' lang='lat' dir='ltr'><strong>qui</strong></span> <span class='ocrx_word' id='word_1_40' title='bbox 1026 364 1163 393; x_wconf 80' lang='lat' dir='ltr'><strong>testatus</strong></span> <span class='ocrx_word' id='word_1_41' title='bbox 1190 365 1239 394; x_wconf 76' lang='lat' dir='ltr'><strong>est</strong></span> <span class='ocrx_word' id='word_1_42' title='bbox 1268 362 1360 394; x_wconf 90' lang='lat' dir='ltr'><strong>nobis</strong></span> <span class='ocrx_word' id='word_1_43' title='bbox 1387 364 1498 394; x_wconf 83' lang='lat' dir='ltr'><strong>vineas</strong></span> <span class='ocrx_word' id='word_1_44' title='bbox 1525 362 1567 394; x_wconf 87' lang='lat' dir='ltr'><strong>ad</strong></span> <span class='ocrx_word' id='word_1_45' title='bbox 1591 362 1740 395; x_wconf 87' lang='lat' dir='ltr'><strong>Tenebre</strong></span> <span class='ocrx_word' id='word_1_46' title='bbox 1764 366 1798 395; x_wconf 80' lang='lat' dir='ltr'><strong>et</strong></span> 
     </span>
     <span class='ocr_line' id='line_1_5' title="bbox 451 412 1798 456; baseline 0.002 -13"><span class='ocrx_word' id='word_1_47' title='bbox 451 412 606 454; x_wconf 84' lang='lat' dir='ltr'>picarium</span> <span class='ocrx_word' id='word_1_48' title='bbox 635 416 823 454; x_wconf 82' lang='lat' dir='ltr'><strong>argenteum</strong></span> <span class='ocrx_word' id='word_1_49' title='bbox 853 423 911 454; x_wconf 92' lang='lat' dir='ltr'><strong>pro</strong></span> <span class='ocrx_word' id='word_1_50' title='bbox 941 416 1101 445; x_wconf 82' lang='lat' dir='ltr'><strong>conventu</strong></span> <span class='ocrx_word' id='word_1_51' title='bbox 1125 413 1247 455; x_wconf 85' lang='lat'><strong>(14)90.</strong></span> <span class='ocrx_word' id='word_1_52' title='bbox 1298 414 1434 445; x_wconf 81' lang='lat' dir='ltr'><strong>Alexius</strong></span> <span class='ocrx_word' id='word_1_53' title='bbox 1463 414 1503 446; x_wconf 88' lang='lat' dir='ltr'><strong>de</strong></span> <span class='ocrx_word' id='word_1_54' title='bbox 1526 414 1644 446; x_wconf 84' lang='lat' dir='ltr'><strong>Varaw</strong></span> <span class='ocrx_word' id='word_1_55' title='bbox 1671 414 1740 456; x_wconf 88' lang='lat' dir='ltr'>pbr.</span> <span class='ocrx_word' id='word_1_56' title='bbox 1765 418 1798 447; x_wconf 82' lang='lat' dir='ltr'><strong>et</strong></span> 
     </span>
     <span class='ocr_line' id='line_1_6' title="bbox 451 463 1795 508; baseline 0.001 -13"><span class='ocrx_word' id='word_1_57' title='bbox 451 464 506 495; x_wconf 82' lang='lat' dir='ltr'><strong>cfr.</strong></span> <span class='ocrx_word' id='word_1_58' title='bbox 520 474 550 495; x_wconf 91' lang='lat' dir='ltr'><strong>n.</strong></span> <span class='ocrx_word' id='word_1_59' title='bbox 588 463 628 495; x_wconf 92' lang='lat' dir='ltr'><strong>D.</strong></span> <span class='ocrx_word' id='word_1_60' title='bbox 642 463 763 504; x_wconf 79' lang='lat' dir='ltr'><strong>Symon</strong></span> <span class='ocrx_word' id='word_1_61' title='bbox 778 464 910 496; x_wconf 84' lang='lat' dir='ltr'><strong>Maendl</strong></span> <span class='ocrx_word' id='word_1_62' title='bbox 925 464 994 505; x_wconf 90' lang='lat' dir='ltr'><strong>pbr.</strong></span> <span class='ocrx_word' id='word_1_63' title='bbox 1013 467 1045 496; x_wconf 80' lang='lat' dir='ltr'><strong>et</strong></span> <span class='ocrx_word' id='word_1_64' title='bbox 1061 465 1098 495; x_wconf 87' lang='lat' dir='ltr'><strong>fr.</strong></span> <span class='ocrx_word' id='word_1_65' title='bbox 1110 475 1140 495; x_wconf 89' lang='lat' dir='ltr'><strong>n.</strong></span> <span class='ocrx_word' id='word_1_66' title='bbox 1154 464 1276 506; x_wconf 78' lang='lat'><strong>(14)94.</strong></span> <span class='ocrx_word' id='word_1_67' title='bbox 1314 465 1366 497; x_wconf 90' lang='lat' dir='ltr'><strong>Fr.</strong></span> <span class='ocrx_word' id='word_1_68' title='bbox 1380 465 1519 497; x_wconf 86' lang='lat' dir='ltr'><strong>Ioannes</strong></span> <span class='ocrx_word' id='word_1_69' title='bbox 1536 476 1577 497; x_wconf 86' lang='lat' dir='ltr'><strong>ex</strong></span> <span class='ocrx_word' id='word_1_70' title='bbox 1592 465 1795 508; x_wconf 62' lang='lat' dir='ltr'><strong>Altnbugkss)</strong></span> 
     </span>
     <span class='ocr_line' id='line_1_7' title="bbox 451 514 1796 558; baseline 0.001 -12"><span class='ocrx_word' id='word_1_71' title='bbox 451 515 507 546; x_wconf 80' lang='lat' dir='ltr'><strong>cfr.</strong></span> <span class='ocrx_word' id='word_1_72' title='bbox 530 525 560 546; x_wconf 92' lang='lat' dir='ltr'><strong>n.</strong></span> <span class='ocrx_word' id='word_1_73' title='bbox 612 514 735 556; x_wconf 83' lang='lat' dir='ltr'><strong>Caspar</strong></span> <span class='ocrx_word' id='word_1_74' title='bbox 758 515 994 557; x_wconf 84' lang='lat' dir='ltr'><strong>Wasserkrueg</strong></span> <span class='ocrx_word' id='word_1_75' title='bbox 1022 515 1062 547; x_wconf 85' lang='lat' dir='ltr'><strong>de</strong></span> <span class='ocrx_word' id='word_1_76' title='bbox 1087 515 1223 548; x_wconf 83' lang='lat' dir='ltr'><strong>Secovia</strong></span> <span class='ocrx_word' id='word_1_77' title='bbox 1252 516 1320 558; x_wconf 91' lang='lat' dir='ltr'><strong>pbr.</strong></span> <span class='ocrx_word' id='word_1_78' title='bbox 1345 521 1378 548; x_wconf 79' lang='lat' dir='ltr'><strong>et</strong></span> <span class='ocrx_word' id='word_1_79' title='bbox 1405 517 1460 548; x_wconf 82' lang='lat' dir='ltr'><strong>cfr.</strong></span> <span class='ocrx_word' id='word_1_80' title='bbox 1482 528 1511 549; x_wconf 91' lang='lat' dir='ltr'><strong>n.</strong></span> <span class='ocrx_word' id='word_1_81' title='bbox 1564 516 1724 548; x_wconf 83' lang='lat' dir='ltr'><strong>Steffanus</strong></span> <span class='ocrx_word' id='word_1_82' title='bbox 1755 517 1796 549; x_wconf 91' lang='lat' dir='ltr'><strong>de</strong></span> 
     </span>
     <span class='ocr_line' id='line_1_8' title="bbox 450 566 1795 608; baseline 0.002 -11"><span class='ocrx_word' id='word_1_83' title='bbox 450 566 647 608; x_wconf 81' lang='lat' dir='ltr'><strong>Neunburga</strong></span> <span class='ocrx_word' id='word_1_84' title='bbox 671 566 838 608; x_wconf 80' lang='lat' dir='ltr'><strong>subdyac.,</strong></span> <span class='ocrx_word' id='word_1_85' title='bbox 867 567 922 598; x_wconf 80' lang='lat' dir='ltr'><strong>cfr.</strong></span> <span class='ocrx_word' id='word_1_86' title='bbox 944 577 973 598; x_wconf 92' lang='lat' dir='ltr'><strong>n.</strong></span> <span class='ocrx_word' id='word_1_87' title='bbox 1020 572 1064 598; x_wconf 89' lang='lat' dir='ltr'><strong>Fr.</strong></span> <span class='ocrx_word' id='word_1_88' title='bbox 1082 571 1200 599; x_wconf 78' lang='lat' dir='ltr'><strong>Georius</strong></span> <span class='ocrx_word' id='word_1_89' title='bbox 1223 572 1422 600; x_wconf 84' lang='lat' dir='ltr'><strong>Hohnkircher</strong></span> <span class='ocrx_word' id='word_1_90' title='bbox 1445 582 1479 600; x_wconf 87' lang='lat' dir='ltr'><strong>ex</strong></span> <span class='ocrx_word' id='word_1_91' title='bbox 1502 573 1674 608; x_wconf 76' lang='lat' dir='ltr'><strong>Baumberg,</strong></span> <span class='ocrx_word' id='word_1_92' title='bbox 1702 574 1750 601; x_wconf 87' lang='lat' dir='ltr'><strong>cfr.</strong></span> <span class='ocrx_word' id='word_1_93' title='bbox 1767 583 1795 601; x_wconf 91' lang='lat' dir='ltr'><strong>n.</strong></span> 
     </span>
    </p>
   </div>
   <div class='ocr_carea' id='block_1_3' title="bbox 143 621 1797 1077">
    <p class='ocr_par' dir='ltr' id='par_1_3' title="bbox 143 621 1797 1077">
     <span class='ocr_line' id='line_1_9' title="bbox 143 621 1795 666; baseline 0.002 -14"><span class='ocrx_word' id='word_1_94' title='bbox 143 624 185 653; x_wconf 83' lang='lat'><strong>28.</strong></span> <span class='ocrx_word' id='word_1_95' title='bbox 267 626 301 653; x_wconf 90' lang='lat' dir='ltr'><strong>V.</strong></span> <span class='ocrx_word' id='word_1_96' title='bbox 315 626 375 653; x_wconf 76' lang='lat' dir='ltr'><strong>kal.</strong></span> <span class='ocrx_word' id='word_1_97' title='bbox 402 621 594 653; x_wconf 88' lang='lat' dir='ltr'><strong>Arnoldus</strong></span> <span class='ocrx_word' id='word_1_98' title='bbox 616 632 720 663; x_wconf 91' lang='lat' dir='ltr'><strong>ppos.</strong></span> <span class='ocrx_word' id='word_1_99' title='bbox 738 621 783 652; x_wconf 87' lang='lat' dir='ltr'><strong>de</strong></span> <span class='ocrx_word' id='word_1_100' title='bbox 805 621 845 653; x_wconf 83' lang='lat' dir='ltr'><strong>S⁰</strong></span> <span class='ocrx_word' id='word_1_101' title='bbox 860 622 1083 664; x_wconf 84' lang='lat' dir='ltr'><strong>Floriano.¹)</strong></span> <span class='ocrx_word' id='word_1_102' title='bbox 1121 623 1258 654; x_wconf 84' lang='lat' dir='ltr'><strong>Petrus</strong></span> <span class='ocrx_word' id='word_1_103' title='bbox 1282 623 1326 655; x_wconf 91' lang='lat' dir='ltr'><strong>de</strong></span> <span class='ocrx_word' id='word_1_104' title='bbox 1344 623 1505 655; x_wconf 83' lang='lat' dir='ltr'><strong>Seoovia</strong></span> <span class='ocrx_word' id='word_1_105' title='bbox 1528 624 1607 666; x_wconf 89' lang='lat' dir='ltr'><strong>pbr.</strong></span> <span class='ocrx_word' id='word_1_106' title='bbox 1625 627 1663 656; x_wconf 82' lang='lat' dir='ltr'><strong>et</strong></span> <span class='ocrx_word' id='word_1_107' title='bbox 1686 624 1749 656; x_wconf 84' lang='lat' dir='ltr'><strong>cfr.</strong></span> <span class='ocrx_word' id='word_1_108' title='bbox 1765 635 1795 656; x_wconf 95' lang='lat' dir='ltr'><strong>n.</strong></span> 
     </span>
     <span class='ocr_line' id='line_1_10' title="bbox 450 673 1795 718; baseline 0.003 -14"><span class='ocrx_word' id='word_1_109' title='bbox 450 673 655 705; x_wconf 86' lang='lat' dir='ltr'><strong>Heinrious</strong></span> <span class='ocrx_word' id='word_1_110' title='bbox 679 673 723 705; x_wconf 87' lang='lat' dir='ltr'><strong>de</strong></span> <span class='ocrx_word' id='word_1_111' title='bbox 740 673 880 715; x_wconf 88' lang='lat' dir='ltr'><strong>Campo</strong></span> <span class='ocrx_word' id='word_1_112' title='bbox 897 673 1074 714; x_wconf 88' lang='lat' dir='ltr'><strong>lyliorum</strong></span> <span class='ocrx_word' id='word_1_113' title='bbox 1091 674 1168 715; x_wconf 88' lang='lat' dir='ltr'><strong>pbr.</strong></span> <span class='ocrx_word' id='word_1_114' title='bbox 1187 678 1223 706; x_wconf 82' lang='lat' dir='ltr'><strong>et</strong></span> <span class='ocrx_word' id='word_1_115' title='bbox 1244 675 1308 707; x_wconf 86' lang='lat' dir='ltr'><strong>ofr.</strong></span> <span class='ocrx_word' id='word_1_116' title='bbox 1326 686 1355 707; x_wconf 91' lang='lat' dir='ltr'><strong>n.</strong></span> <span class='ocrx_word' id='word_1_117' title='bbox 1395 675 1633 718; x_wconf 82' lang='lat' dir='ltr'><strong>[Chunradus</strong></span> <span class='ocrx_word' id='word_1_118' title='bbox 1649 676 1795 718; x_wconf 86' lang='lat' dir='ltr'><strong>Popen-</strong></span> 
     </span>
     <span class='ocr_line' id='line_1_11' title="bbox 450 723 1795 768; baseline 0.004 -13"><span class='ocrx_word' id='word_1_119' title='bbox 450 725 617 766; x_wconf 87' lang='lat' dir='ltr'><strong>periger,</strong></span> <span class='ocrx_word' id='word_1_120' title='bbox 645 723 920 766; x_wconf 65' lang='lat' dir='ltr'><strong>Gebhardusb),</strong></span> <span class='ocrx_word' id='word_1_121' title='bbox 943 724 1105 757; x_wconf 83' lang='lat' dir='ltr'><strong>Thomas</strong></span> <span class='ocrx_word' id='word_1_122' title='bbox 1129 726 1311 767; x_wconf 83' lang='lat' dir='ltr'><strong>Schoren,</strong></span> <span class='ocrx_word' id='word_1_123' title='bbox 1335 727 1416 768; x_wconf 69' lang='lat' dir='ltr'><strong>pbr¹</strong></span> <span class='ocrx_word' id='word_1_124' title='bbox 1441 730 1477 759; x_wconf 80' lang='lat' dir='ltr'><strong>et</strong></span> <span class='ocrx_word' id='word_1_125' title='bbox 1500 728 1589 759; x_wconf 59' lang='grc' dir='ltr'><strong>(εὴ-8·</strong></span> <span class='ocrx_word' id='word_1_126' title='bbox 1611 727 1654 759; x_wconf 58' lang='lat' dir='ltr'><strong>ni.</strong></span> <span class='ocrx_word' id='word_1_127' title='bbox 1700 727 1795 759; x_wconf 81' lang='lat' dir='ltr'><strong>Tho-</strong></span> 
     </span>
     <span class='ocr_line' id='line_1_12' title="bbox 449 775 1797 821; baseline 0.004 -15"><span class='ocrx_word' id='word_1_128' title='bbox 449 786 527 807; x_wconf 86' lang='lat' dir='ltr'><strong>mas</strong></span> <span class='ocrx_word' id='word_1_129' title='bbox 554 775 631 818; x_wconf 87' lang='lat' dir='ltr'><strong>pbr.</strong></span> <span class='ocrx_word' id='word_1_130' title='bbox 654 778 691 806; x_wconf 79' lang='lat' dir='ltr'><strong>et</strong></span> <span class='ocrx_word' id='word_1_131' title='bbox 714 786 791 807; x_wconf 82' lang='lat' dir='ltr'><strong>can.</strong></span> <span class='ocrx_word' id='word_1_132' title='bbox 814 775 858 807; x_wconf 86' lang='lat' dir='ltr'><strong>de</strong></span> <span class='ocrx_word' id='word_1_133' title='bbox 883 775 923 806; x_wconf 84' lang='lat' dir='ltr'><strong>S⁰</strong></span> <span class='ocrx_word' id='word_1_134' title='bbox 940 777 1105 814; x_wconf 82' lang='lat' dir='ltr'><strong>Andrea,</strong></span> <span class='ocrx_word' id='word_1_135' title='bbox 1136 778 1199 809; x_wconf 82' lang='lat' dir='ltr'><strong>cfr.</strong></span> <span class='ocrx_word' id='word_1_136' title='bbox 1222 789 1252 809; x_wconf 90' lang='lat' dir='ltr'><strong>n.</strong></span> <span class='ocrx_word' id='word_1_137' title='bbox 1299 778 1582 821; x_wconf 62' lang='lat' dir='ltr'><strong>Wolfgannusc)</strong></span> <span class='ocrx_word' id='word_1_138' title='bbox 1606 779 1797 821; x_wconf 82' lang='lat' dir='ltr'><strong>Feychter</strong></span> 
     </span>
     <span class='ocr_line' id='line_1_13' title="bbox 450 826 1796 871; baseline 0.003 -13"><span class='ocrx_word' id='word_1_139' title='bbox 450 837 528 859; x_wconf 82' lang='lat' dir='ltr'><strong>ean.</strong></span> <span class='ocrx_word' id='word_1_140' title='bbox 553 830 590 859; x_wconf 79' lang='lat' dir='ltr'><strong>et</strong></span> <span class='ocrx_word' id='word_1_141' title='bbox 617 826 710 868; x_wconf 89' lang='lat' dir='ltr'><strong>pbr.,</strong></span> <span class='ocrx_word' id='word_1_142' title='bbox 741 827 782 858; x_wconf 87' lang='lat' dir='ltr'><strong>fr.</strong></span> <span class='ocrx_word' id='word_1_143' title='bbox 804 826 848 869; x_wconf 87' lang='lat' dir='ltr'><strong>n.]</strong></span> <span class='ocrx_word' id='word_1_144' title='bbox 895 827 1035 859; x_wconf 82' lang='lat' dir='ltr'><strong>Iacobus</strong></span> <span class='ocrx_word' id='word_1_145' title='bbox 1064 828 1105 860; x_wconf 88' lang='lat' dir='ltr'><strong>de</strong></span> <span class='ocrx_word' id='word_1_146' title='bbox 1130 829 1327 871; x_wconf 84' lang='lat' dir='ltr'><strong>Witingnaw</strong></span> <span class='ocrx_word' id='word_1_147' title='bbox 1350 830 1419 871; x_wconf 91' lang='lat' dir='ltr'><strong>pbr.</strong></span> <span class='ocrx_word' id='word_1_148' title='bbox 1443 834 1477 862; x_wconf 78' lang='lat' dir='ltr'><strong>et</strong></span> <span class='ocrx_word' id='word_1_149' title='bbox 1499 830 1554 862; x_wconf 88' lang='lat' dir='ltr'><strong>cfr.</strong></span> <span class='ocrx_word' id='word_1_150' title='bbox 1572 842 1601 862; x_wconf 92' lang='lat' dir='ltr'><strong>n.</strong></span> <span class='ocrx_word' id='word_1_151' title='bbox 1647 830 1796 862; x_wconf 82' lang='lat' dir='ltr'><strong>Andreas</strong></span> 
     </span>
     <span class='ocr_line' id='line_1_14' title="bbox 449 878 1795 923; baseline 0.004 -14"><span class='ocrx_word' id='word_1_152' title='bbox 449 879 489 910; x_wconf 88' lang='lat' dir='ltr'><strong>de</strong></span> <span class='ocrx_word' id='word_1_153' title='bbox 513 878 649 910; x_wconf 82' lang='lat' dir='ltr'><strong>Staencz</strong></span> <span class='ocrx_word' id='word_1_154' title='bbox 672 878 741 920; x_wconf 91' lang='lat' dir='ltr'><strong>pbr.</strong></span> <span class='ocrx_word' id='word_1_155' title='bbox 764 881 797 910; x_wconf 80' lang='lat' dir='ltr'><strong>et</strong></span> <span class='ocrx_word' id='word_1_156' title='bbox 820 878 876 910; x_wconf 78' lang='lat' dir='ltr'><strong>cfr.</strong></span> <span class='ocrx_word' id='word_1_157' title='bbox 893 890 923 910; x_wconf 91' lang='lat' dir='ltr'><strong>n.</strong></span> <span class='ocrx_word' id='word_1_158' title='bbox 969 879 1134 911; x_wconf 85' lang='lat' dir='ltr'><strong>Erhardus</strong></span> <span class='ocrx_word' id='word_1_159' title='bbox 1157 881 1309 922; x_wconf 80' lang='lat' dir='ltr'><strong>subdyao.</strong></span> <span class='ocrx_word' id='word_1_160' title='bbox 1327 881 1367 913; x_wconf 88' lang='lat' dir='ltr'><strong>de</strong></span> <span class='ocrx_word' id='word_1_161' title='bbox 1391 881 1564 923; x_wconf 80' lang='lat' dir='ltr'><strong>Goetbico,</strong></span> <span class='ocrx_word' id='word_1_162' title='bbox 1594 882 1650 914; x_wconf 82' lang='lat' dir='ltr'><strong>cfr.</strong></span> <span class='ocrx_word' id='word_1_163' title='bbox 1667 893 1696 913; x_wconf 92' lang='lat' dir='ltr'><strong>n.</strong></span> <span class='ocrx_word' id='word_1_164' title='bbox 1742 882 1795 914; x_wconf 86' lang='lat' dir='ltr'><strong>Fr.</strong></span> 
     </span>
     <span class='ocr_line' id='line_1_15' title="bbox 450 929 1795 973; baseline 0.002 -11"><span class='ocrx_word' id='word_1_165' title='bbox 450 930 640 962; x_wconf 81' lang='lat' dir='ltr'><strong>Franciscus</strong></span> <span class='ocrx_word' id='word_1_166' title='bbox 664 930 704 962; x_wconf 88' lang='lat' dir='ltr'><strong>de</strong></span> <span class='ocrx_word' id='word_1_167' title='bbox 727 929 906 961; x_wconf 83' lang='lat' dir='ltr'><strong>Ratisbona</strong></span> <span class='ocrx_word' id='word_1_168' title='bbox 930 931 1082 972; x_wconf 81' lang='lat' dir='ltr'><strong>subdyac.</strong></span> <span class='ocrx_word' id='word_1_169' title='bbox 1106 931 1146 963; x_wconf 92' lang='lat' dir='ltr'><strong>de</strong></span> <span class='ocrx_word' id='word_1_170' title='bbox 1171 931 1208 963; x_wconf 69' lang='lat'><strong>8²</strong></span> <span class='ocrx_word' id='word_1_171' title='bbox 1227 932 1404 973; x_wconf 84' lang='lat' dir='ltr'><strong>Dorothea,</strong></span> <span class='ocrx_word' id='word_1_172' title='bbox 1437 934 1492 964; x_wconf 83' lang='lat' dir='ltr'><strong>cfr.</strong></span> <span class='ocrx_word' id='word_1_173' title='bbox 1509 944 1539 964; x_wconf 91' lang='lat' dir='ltr'><strong>n.</strong></span> <span class='ocrx_word' id='word_1_174' title='bbox 1584 934 1795 965; x_wconf 86' lang='lat' dir='ltr'><strong>Innocenoius</strong></span> 
     </span>
     <span class='ocr_line' id='line_1_16' title="bbox 449 980 1795 1025; baseline 0.003 -13"><span class='ocrx_word' id='word_1_175' title='bbox 449 982 518 1023; x_wconf 90' lang='lat' dir='ltr'><strong>pbr.</strong></span> <span class='ocrx_word' id='word_1_176' title='bbox 543 982 583 1013; x_wconf 93' lang='lat' dir='ltr'><strong>de</strong></span> <span class='ocrx_word' id='word_1_177' title='bbox 611 980 648 1012; x_wconf 69' lang='lat' dir='ltr'><strong>S²</strong></span> <span class='ocrx_word' id='word_1_178' title='bbox 669 981 837 1013; x_wconf 83' lang='lat' dir='ltr'><strong>Dorothea</strong></span> <span class='ocrx_word' id='word_1_179' title='bbox 867 985 900 1013; x_wconf 82' lang='lat' dir='ltr'><strong>et</strong></span> <span class='ocrx_word' id='word_1_180' title='bbox 928 982 984 1013; x_wconf 82' lang='lat' dir='ltr'><strong>cfr.</strong></span> <span class='ocrx_word' id='word_1_181' title='bbox 1006 993 1035 1013; x_wconf 91' lang='lat' dir='ltr'><strong>n.</strong></span> <span class='ocrx_word' id='word_1_182' title='bbox 1081 983 1298 1025; x_wconf 86' lang='lat' dir='ltr'><strong>Wolfgangus</strong></span> <span class='ocrx_word' id='word_1_183' title='bbox 1326 983 1535 1016; x_wconf 77' lang='lat' dir='ltr'><strong>Stainhauser</strong></span> <span class='ocrx_word' id='word_1_184' title='bbox 1565 984 1604 1016; x_wconf 86' lang='lat' dir='ltr'><strong>de</strong></span> <span class='ocrx_word' id='word_1_185' title='bbox 1631 985 1795 1016; x_wconf 79' lang='lat' dir='ltr'><strong>Mauttarn</strong></span> 
     </span>
     <span class='ocr_line' id='line_1_17' title="bbox 449 1030 1794 1077; baseline 0.002 -13"><span class='ocrx_word' id='word_1_186' title='bbox 449 1033 504 1064; x_wconf 83' lang='lat' dir='ltr'><strong>cfr.</strong></span> <span class='ocrx_word' id='word_1_187' title='bbox 522 1044 551 1064; x_wconf 91' lang='lat' dir='ltr'><strong>n.</strong></span> <span class='ocrx_word' id='word_1_188' title='bbox 568 1030 692 1075; x_wconf 68' lang='lat'><strong>(1&#39;4)82.</strong></span> <span class='ocrx_word' id='word_1_189' title='bbox 732 1032 882 1064; x_wconf 81' lang='lat' dir='ltr'>Clemens</span> <span class='ocrx_word' id='word_1_190' title='bbox 907 1033 947 1064; x_wconf 89' lang='lat' dir='ltr'><strong>de</strong></span> <span class='ocrx_word' id='word_1_191' title='bbox 964 1033 1100 1065; x_wconf 84' lang='lat' dir='ltr'><strong>Secovia</strong></span> <span class='ocrx_word' id='word_1_192' title='bbox 1124 1034 1210 1075; x_wconf 84' lang='lat' dir='ltr'><strong>pleb.</strong></span> <span class='ocrx_word' id='word_1_193' title='bbox 1228 1035 1270 1066; x_wconf 89' lang='lat' dir='ltr'><strong>ad</strong></span> <span class='ocrx_word' id='word_1_194' title='bbox 1287 1034 1347 1066; x_wconf 74' lang='lat' dir='ltr'><strong>S&#39;ffl&#39;</strong></span> <span class='ocrx_word' id='word_1_195' title='bbox 1363 1035 1527 1076; x_wconf 80' lang='lat' dir='ltr'><strong>Iacobum,</strong></span> <span class='ocrx_word' id='word_1_196' title='bbox 1551 1035 1621 1077; x_wconf 87' lang='lat' dir='ltr'><strong>pbr.</strong></span> <span class='ocrx_word' id='word_1_197' title='bbox 1639 1039 1671 1068; x_wconf 83' lang='lat' dir='ltr'><strong>et</strong></span> <span class='ocrx_word' id='word_1_198' title='bbox 1692 1035 1748 1067; x_wconf 78' lang='lat' dir='ltr'><strong>cfr.</strong></span> <span class='ocrx_word' id='word_1_199' title='bbox 1764 1047 1794 1068; x_wconf 90' lang='lat' dir='ltr'><strong>n.</strong></span> 
     </span>
    </p>
   </div>
   <div class='ocr_carea' id='block_1_4' title="bbox 451 1084 1794 1127">
    <p class='ocr_par' dir='ltr' id='par_1_4' title="bbox 451 1084 1794 1127">
     <span class='ocr_line' id='line_1_18' title="bbox 451 1084 1794 1127; baseline 0.002 -11"><span class='ocrx_word' id='word_1_200' title='bbox 451 1084 589 1116; x_wconf 82' lang='lat' dir='ltr'><strong>Michael</strong></span> <span class='ocrx_word' id='word_1_201' title='bbox 608 1085 805 1118; x_wconf 76' lang='lat' dir='ltr'><strong>Komentzer</strong></span> <span class='ocrx_word' id='word_1_202' title='bbox 829 1085 897 1117; x_wconf 83' lang='lat' dir='ltr'><strong>deo.</strong></span> <span class='ocrx_word' id='word_1_203' title='bbox 917 1085 957 1116; x_wconf 88' lang='lat' dir='ltr'><strong>de</strong></span> <span class='ocrx_word' id='word_1_204' title='bbox 974 1085 1121 1125; x_wconf 85' lang='lat' dir='ltr'><strong>Seoovia,</strong></span> <span class='ocrx_word' id='word_1_205' title='bbox 1145 1086 1214 1127; x_wconf 87' lang='lat' dir='ltr'><strong>pbr.</strong></span> <span class='ocrx_word' id='word_1_206' title='bbox 1233 1090 1265 1118; x_wconf 61' lang='lat' dir='ltr'><strong>ei</strong></span> <span class='ocrx_word' id='word_1_207' title='bbox 1288 1087 1343 1118; x_wconf 79' lang='lat' dir='ltr'><strong>cfr.</strong></span> <span class='ocrx_word' id='word_1_208' title='bbox 1361 1097 1390 1118; x_wconf 88' lang='lat' dir='ltr'><strong>n.</strong></span> <span class='ocrx_word' id='word_1_209' title='bbox 1430 1091 1567 1126; x_wconf 84' lang='lat' dir='ltr'><strong>Georgius</strong></span> <span class='ocrx_word' id='word_1_210' title='bbox 1583 1091 1684 1119; x_wconf 82' lang='lat' dir='ltr'><strong>Eisner</strong></span> <span class='ocrx_word' id='word_1_211' title='bbox 1706 1101 1794 1126; x_wconf 86' lang='lat' dir='ltr'><strong>quon-</strong></span> 
     </span>
    </p>
   </div>
   <div class='ocr_carea' id='block_1_5' title="bbox 449 1135 1795 1213">
    <p class='ocr_par' dir='ltr' id='par_1_5' title="bbox 449 1135 1795 1213">
     <span class='ocr_line' id='line_1_19' title="bbox 449 1135 1795 1173; baseline 0.002 -11"><span class='ocrx_word' id='word_1_212' title='bbox 449 1136 514 1162; x_wconf 84' lang='lat' dir='ltr'><strong>dam</strong></span> <span class='ocrx_word' id='word_1_213' title='bbox 539 1144 618 1170; x_wconf 84' lang='lat' dir='ltr'><strong>ppos.</strong></span> <span class='ocrx_word' id='word_1_214' title='bbox 636 1135 666 1162; x_wconf 88' lang='lat' dir='ltr'><strong>in</strong></span> <span class='ocrx_word' id='word_1_215' title='bbox 688 1135 883 1170; x_wconf 78' lang='lat' dir='ltr'><strong>Duciburga.²)</strong></span> <span class='ocrx_word' id='word_1_216' title='bbox 926 1136 958 1163; x_wconf 98' lang='lat' dir='ltr'><strong>D.</strong></span> <span class='ocrx_word' id='word_1_217' title='bbox 975 1136 1155 1163; x_wconf 84' lang='lat' dir='ltr'><strong>Leonhardus</strong></span> <span class='ocrx_word' id='word_1_218' title='bbox 1182 1137 1241 1171; x_wconf 86' lang='lat' dir='ltr'><strong>pbr.</strong></span> <span class='ocrx_word' id='word_1_219' title='bbox 1261 1139 1290 1164; x_wconf 75' lang='lat' dir='ltr'><strong>et</strong></span> <span class='ocrx_word' id='word_1_220' title='bbox 1312 1147 1347 1165; x_wconf 89' lang='lat' dir='ltr'><strong>m.</strong></span> <span class='ocrx_word' id='word_1_221' title='bbox 1368 1137 1401 1165; x_wconf 85' lang='lat' dir='ltr'><strong>de</strong></span> <span class='ocrx_word' id='word_1_222' title='bbox 1425 1138 1538 1170; x_wconf 83' lang='lat' dir='ltr'><strong>Melico,</strong></span> <span class='ocrx_word' id='word_1_223' title='bbox 1564 1138 1611 1165; x_wconf 82' lang='lat' dir='ltr'><strong>cfr.</strong></span> <span class='ocrx_word' id='word_1_224' title='bbox 1630 1147 1669 1171; x_wconf 80' lang='lat' dir='ltr'><strong>n.‚</strong></span> <span class='ocrx_word' id='word_1_225' title='bbox 1696 1139 1795 1173; x_wconf 82' lang='lat'><strong>(15)27.</strong></span> 
     </span>
     <span class='ocr_line' id='line_1_20' title="bbox 450 1178 1082 1213; baseline -0.002 -7"><span class='ocrx_word' id='word_1_226' title='bbox 450 1179 482 1206; x_wconf 89' lang='lat' dir='ltr'><strong>D.</strong></span> <span class='ocrx_word' id='word_1_227' title='bbox 495 1179 619 1206; x_wconf 81' lang='lat' dir='ltr'><strong>Andreas</strong></span> <span class='ocrx_word' id='word_1_228' title='bbox 638 1178 672 1205; x_wconf 88' lang='lat' dir='ltr'><strong>de</strong></span> <span class='ocrx_word' id='word_1_229' title='bbox 690 1178 722 1205; x_wconf 87' lang='lat' dir='ltr'><strong>S⁰</strong></span> <span class='ocrx_word' id='word_1_230' title='bbox 736 1178 855 1205; x_wconf 79' lang='lat' dir='ltr'><strong>Nicolao</strong></span> <span class='ocrx_word' id='word_1_231' title='bbox 874 1179 935 1213; x_wconf 87' lang='lat' dir='ltr'><strong>pbr.</strong></span> <span class='ocrx_word' id='word_1_232' title='bbox 949 1180 978 1206; x_wconf 74' lang='lat' dir='ltr'><strong>et</strong></span> <span class='ocrx_word' id='word_1_233' title='bbox 996 1179 1044 1206; x_wconf 85' lang='lat' dir='ltr'><strong>cfr.</strong></span> <span class='ocrx_word' id='word_1_234' title='bbox 1056 1189 1082 1205; x_wconf 91' lang='lat' dir='ltr'><strong>n.</strong></span> 
     </span>
    </p>
   </div>
   <div class='ocr_carea' id='block_1_6' title="bbox 137 1225 1795 1733">
    <p class='ocr_par' dir='ltr' id='par_1_6' title="bbox 137 1225 1795 1733">
     <span class='ocr_line' id='line_1_21' title="bbox 137 1225 1793 1270; baseline 0.001 -12"><span class='ocrx_word' id='word_1_235' title='bbox 137 1230 181 1258; x_wconf 81' lang='lat'><strong>29.</strong></span> <span class='ocrx_word' id='word_1_236' title='bbox 250 1230 298 1258; x_wconf 86' lang='lat' dir='ltr'><strong>IV.</strong></span> <span class='ocrx_word' id='word_1_237' title='bbox 311 1231 369 1258; x_wconf 73' lang='lat' dir='ltr'><strong>kal.</strong></span> <span class='ocrx_word' id='word_1_238' title='bbox 397 1227 527 1268; x_wconf 84' lang='lat' dir='ltr'>Agnes</span> <span class='ocrx_word' id='word_1_239' title='bbox 543 1226 695 1265; x_wconf 81' lang='lat' dir='ltr'><strong>ducissa</strong></span> <span class='ocrx_word' id='word_1_240' title='bbox 708 1226 916 1268; x_wconf 81' lang='lat' dir='ltr'><strong>Saxonie.³)</strong></span> <span class='ocrx_word' id='word_1_241' title='bbox 951 1225 1153 1270; x_wconf 88' lang='lat' dir='ltr'><strong>[Iohannes</strong></span> <span class='ocrx_word' id='word_1_242' title='bbox 1169 1228 1267 1269; x_wconf 83' lang='lat' dir='ltr'><strong>pleb.</strong></span> <span class='ocrx_word' id='word_1_243' title='bbox 1281 1228 1523 1270; x_wconf 78' lang='lat' dir='ltr'><strong>Varavensis,</strong></span> <span class='ocrx_word' id='word_1_244' title='bbox 1539 1228 1615 1270; x_wconf 92' lang='lat' dir='ltr'><strong>pbr.</strong></span> <span class='ocrx_word' id='word_1_245' title='bbox 1633 1232 1670 1261; x_wconf 81' lang='lat' dir='ltr'><strong>et</strong></span> <span class='ocrx_word' id='word_1_246' title='bbox 1686 1229 1749 1261; x_wconf 79' lang='lat' dir='ltr'><strong>cfr.</strong></span> <span class='ocrx_word' id='word_1_247' title='bbox 1763 1240 1793 1260; x_wconf 90' lang='lat' dir='ltr'><strong>n.</strong></span> 
     </span>
     <span class='ocr_line' id='line_1_22' title="bbox 449 1278 1792 1323; baseline 0.002 -14"><span class='ocrx_word' id='word_1_248' title='bbox 449 1278 668 1319; x_wconf 82' lang='lat' dir='ltr'><strong>Heinrieus,</strong></span> <span class='ocrx_word' id='word_1_249' title='bbox 699 1278 954 1319; x_wconf 82' lang='lat' dir='ltr'><strong>Ohainradus,</strong></span> <span class='ocrx_word' id='word_1_250' title='bbox 985 1279 1155 1310; x_wconf 83' lang='lat' dir='ltr'><strong>eiusdem</strong></span> <span class='ocrx_word' id='word_1_251' title='bbox 1182 1279 1290 1311; x_wconf 80' lang='lat' dir='ltr'><strong>monii</strong></span> <span class='ocrx_word' id='word_1_252' title='bbox 1313 1279 1410 1321; x_wconf 84' lang='lat' dir='ltr'><strong>profi</strong></span> <span class='ocrx_word' id='word_1_253' title='bbox 1433 1283 1470 1311; x_wconf 79' lang='lat' dir='ltr'><strong>et</strong></span> <span class='ocrx_word' id='word_1_254' title='bbox 1493 1281 1581 1312; x_wconf 80' lang='lat' dir='ltr'><strong>ofr⁰⁸</strong></span> <span class='ocrx_word' id='word_1_255' title='bbox 1604 1280 1661 1323; x_wconf 78' lang='lat' dir='ltr'><strong>n¹.]</strong></span> <span class='ocrx_word' id='word_1_256' title='bbox 1707 1280 1792 1312; x_wconf 89' lang='lat' dir='ltr'><strong>Her-</strong></span> 
     </span>
     <span class='ocr_line' id='line_1_23' title="bbox 447 1324 1792 1374; baseline 0.003 -14"><span class='ocrx_word' id='word_1_257' title='bbox 447 1339 583 1361; x_wconf 81' lang='lat' dir='ltr'><strong>mannus</strong></span> <span class='ocrx_word' id='word_1_258' title='bbox 612 1324 736 1371; x_wconf 46' lang='lat' dir='ltr'><strong>pbrsset</strong></span> <span class='ocrx_word' id='word_1_259' title='bbox 764 1339 832 1361; x_wconf 83' lang='lat' dir='ltr'><strong>can.</strong></span> <span class='ocrx_word' id='word_1_260' title='bbox 855 1329 895 1361; x_wconf 89' lang='lat' dir='ltr'><strong>de</strong></span> <span class='ocrx_word' id='word_1_261' title='bbox 919 1329 956 1361; x_wconf 84' lang='lat' dir='ltr'><strong>S⁰</strong></span> <span class='ocrx_word' id='word_1_262' title='bbox 972 1329 1118 1371; x_wconf 85' lang='lat' dir='ltr'><strong>Andrea,</strong></span> <span class='ocrx_word' id='word_1_263' title='bbox 1147 1331 1204 1361; x_wconf 83' lang='lat' dir='ltr'><strong>cfr.</strong></span> <span class='ocrx_word' id='word_1_264' title='bbox 1221 1341 1250 1362; x_wconf 92' lang='lat' dir='ltr'><strong>n.</strong></span> <span class='ocrx_word' id='word_1_265' title='bbox 1300 1331 1462 1363; x_wconf 88' lang='lat' dir='ltr'><strong>Fridrious</strong></span> <span class='ocrx_word' id='word_1_266' title='bbox 1485 1332 1694 1374; x_wconf 88' lang='lat' dir='ltr'><strong>Wolfperger</strong></span> <span class='ocrx_word' id='word_1_267' title='bbox 1722 1332 1792 1373; x_wconf 90' lang='lat' dir='ltr'><strong>pbr.</strong></span> 
     </span>
     <span class='ocr_line' id='line_1_24' title="bbox 449 1380 1793 1425; baseline 0.002 -13"><span class='ocrx_word' id='word_1_268' title='bbox 449 1384 481 1412; x_wconf 79' lang='lat' dir='ltr'><strong>et</strong></span> <span class='ocrx_word' id='word_1_269' title='bbox 497 1391 566 1412; x_wconf 86' lang='lat' dir='ltr'><strong>can.</strong></span> <span class='ocrx_word' id='word_1_270' title='bbox 580 1380 791 1420; x_wconf 84' lang='lat' dir='ltr'><strong>Secoviensis,</strong></span> <span class='ocrx_word' id='word_1_271' title='bbox 809 1381 865 1413; x_wconf 83' lang='lat' dir='ltr'><strong>cfr.</strong></span> <span class='ocrx_word' id='word_1_272' title='bbox 878 1392 909 1412; x_wconf 93' lang='lat' dir='ltr'><strong>n.</strong></span> <span class='ocrx_word' id='word_1_273' title='bbox 947 1381 998 1412; x_wconf 88' lang='lat' dir='ltr'><strong>Fr.</strong></span> <span class='ocrx_word' id='word_1_274' title='bbox 1013 1381 1165 1413; x_wconf 80' lang='lat' dir='ltr'><strong>Nicolaus</strong></span> <span class='ocrx_word' id='word_1_275' title='bbox 1182 1382 1222 1414; x_wconf 88' lang='grc'><strong>(18</strong></span> <span class='ocrx_word' id='word_1_276' title='bbox 1235 1382 1443 1424; x_wconf 80' lang='lat' dir='ltr'><strong>Wytingnaw</strong></span> <span class='ocrx_word' id='word_1_277' title='bbox 1461 1393 1519 1423; x_wconf 87' lang='lat' dir='ltr'><strong>ac.,</strong></span> <span class='ocrx_word' id='word_1_278' title='bbox 1536 1383 1592 1414; x_wconf 82' lang='lat' dir='ltr'><strong>cfr.</strong></span> <span class='ocrx_word' id='word_1_279' title='bbox 1605 1394 1634 1414; x_wconf 93' lang='lat' dir='ltr'><strong>n.</strong></span> <span class='ocrx_word' id='word_1_280' title='bbox 1673 1383 1793 1425; x_wconf 90' lang='lat' dir='ltr'><strong>Engel-</strong></span> 
     </span>
     <span class='ocr_line' id='line_1_25' title="bbox 447 1432 1793 1476; baseline 0.003 -13"><span class='ocrx_word' id='word_1_281' title='bbox 447 1432 568 1473; x_wconf 84' lang='lat' dir='ltr'><strong>bertus,</strong></span> <span class='ocrx_word' id='word_1_282' title='bbox 599 1432 727 1473; x_wconf 84' lang='lat' dir='ltr'><strong>Petrus,</strong></span> <span class='ocrx_word' id='word_1_283' title='bbox 757 1432 930 1474; x_wconf 84' lang='lat' dir='ltr'><strong>Nycolaus,</strong></span> <span class='ocrx_word' id='word_1_284' title='bbox 958 1433 1130 1474; x_wconf 87' lang='lat' dir='ltr'><strong>Iohannes,</strong></span> <span class='ocrx_word' id='word_1_285' title='bbox 1158 1434 1332 1475; x_wconf 77' lang='lat' dir='ltr'><strong>Rupertus,</strong></span> <span class='ocrx_word' id='word_1_286' title='bbox 1362 1434 1511 1476; x_wconf 80' lang='lat' dir='ltr'><strong>Mathias,</strong></span> <span class='ocrx_word' id='word_1_287' title='bbox 1538 1434 1580 1466; x_wconf 74' lang='lat' dir='ltr'><strong>mi</strong></span> <span class='ocrx_word' id='word_1_288' title='bbox 1602 1435 1635 1466; x_wconf 91' lang='lat' dir='ltr'><strong>in</strong></span> <span class='ocrx_word' id='word_1_289' title='bbox 1658 1435 1793 1476; x_wconf 83' lang='lat' dir='ltr'><strong>Seyten-</strong></span> 
     </span>
     <span class='ocr_line' id='line_1_26' title="bbox 447 1484 1794 1527; baseline 0.002 -12"><span class='ocrx_word' id='word_1_290' title='bbox 447 1486 562 1524; x_wconf 81' lang='lat' dir='ltr'><strong>steten,</strong></span> <span class='ocrx_word' id='word_1_291' title='bbox 586 1484 658 1515; x_wconf 71' lang='lat' dir='ltr'><strong>ofr⁹⁸</strong></span> <span class='ocrx_word' id='word_1_292' title='bbox 674 1484 713 1525; x_wconf 65' lang='lat' dir='ltr'><strong>n‘,</strong></span> <span class='ocrx_word' id='word_1_293' title='bbox 738 1487 771 1515; x_wconf 80' lang='lat' dir='ltr'><strong>et</strong></span> <span class='ocrx_word' id='word_1_294' title='bbox 794 1484 831 1515; x_wconf 86' lang='lat' dir='ltr'><strong>fr.</strong></span> <span class='ocrx_word' id='word_1_295' title='bbox 848 1484 1046 1526; x_wconf 70' lang='lat' dir='ltr'><strong>Iohannesd)</strong></span> <span class='ocrx_word' id='word_1_296' title='bbox 1070 1484 1222 1526; x_wconf 86' lang='lat' dir='ltr'><strong>subdyao.</strong></span> <span class='ocrx_word' id='word_1_297' title='bbox 1240 1485 1280 1517; x_wconf 89' lang='lat' dir='ltr'><strong>de</strong></span> <span class='ocrx_word' id='word_1_298' title='bbox 1302 1484 1339 1516; x_wconf 74' lang='lat'><strong>8⁰</strong></span> <span class='ocrx_word' id='word_1_299' title='bbox 1355 1486 1516 1527; x_wconf 84' lang='lat' dir='ltr'><strong>Floriano,</strong></span> <span class='ocrx_word' id='word_1_300' title='bbox 1541 1486 1597 1518; x_wconf 83' lang='lat' dir='ltr'><strong>cfr.</strong></span> <span class='ocrx_word' id='word_1_301' title='bbox 1614 1497 1644 1517; x_wconf 92' lang='lat' dir='ltr'><strong>n.</strong></span> <span class='ocrx_word' id='word_1_302' title='bbox 1686 1486 1794 1518; x_wconf 89' lang='lat' dir='ltr'><strong>Wolf-</strong></span> 
     </span>
     <span class='ocr_line' id='line_1_27' title="bbox 448 1534 1795 1579; baseline 0.002 -13"><span class='ocrx_word' id='word_1_303' title='bbox 448 1546 572 1577; x_wconf 84' lang='lat' dir='ltr'><strong>gangus</strong></span> <span class='ocrx_word' id='word_1_304' title='bbox 599 1535 639 1567; x_wconf 90' lang='lat' dir='ltr'><strong>de</strong></span> <span class='ocrx_word' id='word_1_305' title='bbox 664 1534 823 1567; x_wconf 84' lang='lat' dir='ltr'><strong>Goetbioo</strong></span> <span class='ocrx_word' id='word_1_306' title='bbox 852 1535 943 1577; x_wconf 84' lang='lat' dir='ltr'><strong>dyac.</strong></span> <span class='ocrx_word' id='word_1_307' title='bbox 965 1539 997 1568; x_wconf 79' lang='lat' dir='ltr'><strong>et</strong></span> <span class='ocrx_word' id='word_1_308' title='bbox 1025 1536 1081 1567; x_wconf 80' lang='lat' dir='ltr'><strong>cfr.</strong></span> <span class='ocrx_word' id='word_1_309' title='bbox 1101 1547 1130 1567; x_wconf 90' lang='lat' dir='ltr'><strong>n.</strong></span> <span class='ocrx_word' id='word_1_310' title='bbox 1176 1536 1217 1568; x_wconf 94' lang='lat' dir='ltr'><strong>D.</strong></span> <span class='ocrx_word' id='word_1_311' title='bbox 1234 1536 1376 1568; x_wconf 85' lang='lat' dir='ltr'>Thomas</span> <span class='ocrx_word' id='word_1_312' title='bbox 1399 1537 1440 1568; x_wconf 85' lang='lat' dir='ltr'><strong>de</strong></span> <span class='ocrx_word' id='word_1_313' title='bbox 1465 1536 1501 1568; x_wconf 82' lang='lat' dir='ltr'><strong>S⁰</strong></span> <span class='ocrx_word' id='word_1_314' title='bbox 1516 1537 1648 1569; x_wconf 84' lang='lat' dir='ltr'><strong>Andrea</strong></span> <span class='ocrx_word' id='word_1_315' title='bbox 1670 1537 1739 1579; x_wconf 90' lang='lat' dir='ltr'><strong>pbr.</strong></span> <span class='ocrx_word' id='word_1_316' title='bbox 1762 1541 1795 1569; x_wconf 85' lang='lat' dir='ltr'><strong>et</strong></span> 
     </span>
     <span class='ocr_line' id='line_1_28' title="bbox 449 1586 1792 1629; baseline 0.002 -11"><span class='ocrx_word' id='word_1_317' title='bbox 449 1587 505 1618; x_wconf 83' lang='lat' dir='ltr'><strong>cfr.</strong></span> <span class='ocrx_word' id='word_1_318' title='bbox 522 1597 553 1618; x_wconf 91' lang='lat' dir='ltr'><strong>n.</strong></span> <span class='ocrx_word' id='word_1_319' title='bbox 597 1586 739 1618; x_wconf 81' lang='lat' dir='ltr'><strong>Mathias</strong></span> <span class='ocrx_word' id='word_1_320' title='bbox 762 1587 902 1629; x_wconf 85' lang='lat' dir='ltr'><strong>Sevogel</strong></span> <span class='ocrx_word' id='word_1_321' title='bbox 925 1587 966 1619; x_wconf 90' lang='lat' dir='ltr'><strong>de</strong></span> <span class='ocrx_word' id='word_1_322' title='bbox 990 1587 1061 1629; x_wconf 69' lang='lat'><strong>8⁵⁸)</strong></span> <span class='ocrx_word' id='word_1_323' title='bbox 1085 1611 1218 1620; x_wconf 89' lang='grc'><strong>......</strong></span> <span class='ocrx_word' id='word_1_324' title='bbox 1243 1588 1312 1629; x_wconf 89' lang='lat' dir='ltr'><strong>pbr.</strong></span> <span class='ocrx_word' id='word_1_325' title='bbox 1333 1591 1366 1620; x_wconf 80' lang='lat' dir='ltr'><strong>et</strong></span> <span class='ocrx_word' id='word_1_326' title='bbox 1389 1589 1444 1619; x_wconf 78' lang='lat' dir='ltr'><strong>cfr.</strong></span> <span class='ocrx_word' id='word_1_327' title='bbox 1461 1599 1491 1619; x_wconf 90' lang='lat' dir='ltr'><strong>n.</strong></span> <span class='ocrx_word' id='word_1_328' title='bbox 1537 1588 1729 1621; x_wconf 84' lang='lat' dir='ltr'><strong>Altmannus</strong></span> <span class='ocrx_word' id='word_1_329' title='bbox 1753 1589 1792 1621; x_wconf 88' lang='lat' dir='ltr'><strong>de</strong></span> 
     </span>
     <span class='ocr_line' id='line_1_29' title="bbox 448 1637 1792 1681; baseline 0.002 -12"><span class='ocrx_word' id='word_1_330' title='bbox 448 1637 484 1669; x_wconf 67' lang='grc' dir='ltr'><strong>δ”</strong></span> <span class='ocrx_word' id='word_1_331' title='bbox 509 1638 660 1670; x_wconf 85' lang='lat' dir='ltr'><strong>Floriano</strong></span> <span class='ocrx_word' id='word_1_332' title='bbox 694 1638 763 1680; x_wconf 90' lang='lat' dir='ltr'><strong>pbr.</strong></span> <span class='ocrx_word' id='word_1_333' title='bbox 791 1642 824 1675; x_wconf 65' lang='lat' dir='ltr'><strong>et</strong></span> <span class='ocrx_word' id='word_1_334' title='bbox 853 1639 909 1670; x_wconf 82' lang='lat' dir='ltr'><strong>cfr.</strong></span> <span class='ocrx_word' id='word_1_335' title='bbox 933 1651 962 1671; x_wconf 94' lang='lat' dir='ltr'><strong>n.</strong></span> <span class='ocrx_word' id='word_1_336' title='bbox 1021 1639 1186 1671; x_wconf 83' lang='lat' dir='ltr'><strong>Erasimus</strong></span> <span class='ocrx_word' id='word_1_337' title='bbox 1222 1640 1263 1671; x_wconf 84' lang='grc'><strong>(18</strong></span> <span class='ocrx_word' id='word_1_338' title='bbox 1293 1639 1515 1681; x_wconf 86' lang='lat' dir='ltr'><strong>Reioherperg</strong></span> <span class='ocrx_word' id='word_1_339' title='bbox 1551 1651 1599 1671; x_wconf 84' lang='lat' dir='ltr'><strong>ae.</strong></span> <span class='ocrx_word' id='word_1_340' title='bbox 1623 1643 1656 1672; x_wconf 79' lang='lat' dir='ltr'><strong>et</strong></span> <span class='ocrx_word' id='word_1_341' title='bbox 1685 1641 1740 1672; x_wconf 87' lang='lat' dir='ltr'><strong>ofr.</strong></span> <span class='ocrx_word' id='word_1_342' title='bbox 1762 1652 1792 1673; x_wconf 87' lang='lat' dir='ltr'><strong>n.</strong></span> 
     </span>
     <span class='ocr_line' id='line_1_30' title="bbox 447 1689 1794 1733; baseline 0.001 -12"><span class='ocrx_word' id='word_1_343' title='bbox 447 1689 487 1721; x_wconf 91' lang='lat' dir='ltr'><strong>D.</strong></span> <span class='ocrx_word' id='word_1_344' title='bbox 505 1689 666 1722; x_wconf 79' lang='lat' dir='ltr'><strong>Steffanus</strong></span> <span class='ocrx_word' id='word_1_345' title='bbox 690 1690 730 1722; x_wconf 86' lang='lat' dir='ltr'><strong>de</strong></span> <span class='ocrx_word' id='word_1_346' title='bbox 745 1690 1001 1733; x_wconf 85' lang='lat' dir='ltr'><strong>Herczogburga</strong></span> <span class='ocrx_word' id='word_1_347' title='bbox 1024 1691 1092 1733; x_wconf 91' lang='lat' dir='ltr'><strong>pbr.</strong></span> <span class='ocrx_word' id='word_1_348' title='bbox 1110 1694 1143 1723; x_wconf 78' lang='lat' dir='ltr'><strong>et</strong></span> <span class='ocrx_word' id='word_1_349' title='bbox 1164 1690 1219 1722; x_wconf 83' lang='lat' dir='ltr'><strong>cfr.</strong></span> <span class='ocrx_word' id='word_1_350' title='bbox 1236 1702 1265 1722; x_wconf 87' lang='lat' dir='ltr'><strong>n.</strong></span> <span class='ocrx_word' id='word_1_351' title='bbox 1302 1691 1354 1722; x_wconf 86' lang='lat' dir='ltr'><strong>Fr.</strong></span> <span class='ocrx_word' id='word_1_352' title='bbox 1372 1691 1554 1733; x_wconf 75' lang='lat' dir='ltr'><strong>Stephanus</strong></span> <span class='ocrx_word' id='word_1_353' title='bbox 1570 1691 1794 1723; x_wconf 80' lang='lat' dir='ltr'><strong>Stainhausser</strong></span> 
     </span>
    </p>
   </div>
   <div class='ocr_carea' id='block_1_7' title="bbox 446 1740 1792 1870">
    <p class='ocr_par' dir='ltr' id='par_1_7' title="bbox 446 1740 1792 1870">
     <span class='ocr_line' id='line_1_31' title="bbox 447 1740 1792 1783; baseline 0.001 -11"><span class='ocrx_word' id='word_1_354' title='bbox 447 1740 538 1782; x_wconf 83' lang='lat' dir='ltr'><strong>dyao.</strong></span> <span class='ocrx_word' id='word_1_355' title='bbox 556 1744 590 1772; x_wconf 81' lang='lat' dir='ltr'><strong>et</strong></span> <span class='ocrx_word' id='word_1_356' title='bbox 612 1741 649 1773; x_wconf 87' lang='lat' dir='ltr'><strong>fr.</strong></span> <span class='ocrx_word' id='word_1_357' title='bbox 666 1753 696 1773; x_wconf 91' lang='lat' dir='ltr'><strong>n.</strong></span> <span class='ocrx_word' id='word_1_358' title='bbox 717 1744 810 1774; x_wconf 81' lang='lat'><strong>1482.</strong></span> <span class='ocrx_word' id='word_1_359' title='bbox 854 1742 907 1774; x_wconf 84' lang='lat' dir='ltr'><strong>Fr.</strong></span> <span class='ocrx_word' id='word_1_360' title='bbox 924 1742 1074 1774; x_wconf 79' lang='lat' dir='ltr'><strong>Andreas</strong></span> <span class='ocrx_word' id='word_1_361' title='bbox 1098 1753 1144 1774; x_wconf 85' lang='lat' dir='ltr'><strong>ov.</strong></span> <span class='ocrx_word' id='word_1_362' title='bbox 1160 1743 1192 1773; x_wconf 91' lang='lat' dir='ltr'><strong>in</strong></span> <span class='ocrx_word' id='word_1_363' title='bbox 1215 1741 1377 1783; x_wconf 80' lang='lat' dir='ltr'><strong>Gotwico,</strong></span> <span class='ocrx_word' id='word_1_364' title='bbox 1406 1743 1461 1774; x_wconf 83' lang='lat' dir='ltr'><strong>cfr.</strong></span> <span class='ocrx_word' id='word_1_365' title='bbox 1478 1754 1508 1774; x_wconf 91' lang='lat' dir='ltr'><strong>n.</strong></span> <span class='ocrx_word' id='word_1_366' title='bbox 1553 1748 1587 1774; x_wconf 93' lang='lat' dir='ltr'><strong>D.</strong></span> <span class='ocrx_word' id='word_1_367' title='bbox 1605 1747 1792 1782; x_wconf 80' lang='lat' dir='ltr'><strong>Wolfgangus</strong></span> 
     </span>
     <span class='ocr_line' id='line_1_32' title="bbox 446 1791 1792 1828; baseline 0 -9"><span class='ocrx_word' id='word_1_368' title='bbox 446 1791 567 1819; x_wconf 83' lang='lat' dir='ltr'><strong>Puchler</strong></span> <span class='ocrx_word' id='word_1_369' title='bbox 591 1792 666 1826; x_wconf 88' lang='lat' dir='ltr'><strong>pleb.</strong></span> <span class='ocrx_word' id='word_1_370' title='bbox 686 1793 722 1819; x_wconf 80' lang='lat' dir='ltr'><strong>ad</strong></span> <span class='ocrx_word' id='word_1_371' title='bbox 747 1792 803 1820; x_wconf 78' lang='lat' dir='ltr'><strong>Sum</strong></span> <span class='ocrx_word' id='word_1_372' title='bbox 825 1793 992 1820; x_wconf 84' lang='lat' dir='ltr'><strong>Michaelem</strong></span> <span class='ocrx_word' id='word_1_373' title='bbox 1018 1793 1046 1819; x_wconf 87' lang='lat' dir='ltr'><strong>in</strong></span> <span class='ocrx_word' id='word_1_374' title='bbox 1066 1793 1223 1820; x_wconf 77' lang='lat' dir='ltr'><strong>Wachovia</strong></span> <span class='ocrx_word' id='word_1_375' title='bbox 1248 1795 1278 1820; x_wconf 72' lang='lat' dir='ltr'><strong>et</strong></span> <span class='ocrx_word' id='word_1_376' title='bbox 1303 1794 1328 1821; x_wconf 88' lang='lat' dir='ltr'><strong>d.</strong></span> <span class='ocrx_word' id='word_1_377' title='bbox 1344 1793 1541 1828; x_wconf 85' lang='lat' dir='ltr'><strong>Wolffgangus</strong></span> <span class='ocrx_word' id='word_1_378' title='bbox 1564 1793 1737 1821; x_wconf 74' lang='lat' dir='ltr'><strong>Gawnestaff</strong></span> <span class='ocrx_word' id='word_1_379' title='bbox 1759 1793 1792 1820; x_wconf 86' lang='lat' dir='ltr'><strong>de</strong></span> 
     </span>
     <span class='ocr_line' id='line_1_33' title="bbox 447 1835 950 1870; baseline 0.004 -9"><span class='ocrx_word' id='word_1_380' title='bbox 447 1835 724 1870; x_wconf 73' lang='lat' dir='ltr'><strong>Claustroneuburga</strong></span> <span class='ocrx_word' id='word_1_381' title='bbox 742 1837 812 1870; x_wconf 68' lang='lat' dir='ltr'><strong>pbr„</strong></span> <span class='ocrx_word' id='word_1_382' title='bbox 831 1836 897 1863; x_wconf 65' lang='lat' dir='ltr'><strong>efres</strong></span> <span class='ocrx_word' id='word_1_383' title='bbox 915 1837 950 1863; x_wconf 67' lang='lat' dir='ltr'><strong>ni.</strong></span> 
     </span>
    </p>
   </div>
   <div class='ocr_carea' id='block_1_8' title="bbox 136 1882 1792 2491">
    <p class='ocr_par' dir='ltr' id='par_1_8' title="bbox 136 1882 1792 2491">
     <span class='ocr_line' id='line_1_34' title="bbox 136 1882 1792 1926; baseline 0.001 -13"><span class='ocrx_word' id='word_1_384' title='bbox 136 1884 180 1913; x_wconf 82' lang='lat'><strong>30.</strong></span> <span class='ocrx_word' id='word_1_385' title='bbox 250 1886 298 1913; x_wconf 87' lang='lat'><strong>111.</strong></span> <span class='ocrx_word' id='word_1_386' title='bbox 311 1885 368 1913; x_wconf 79' lang='lat' dir='ltr'><strong>kal.</strong></span> <span class='ocrx_word' id='word_1_387' title='bbox 397 1882 572 1914; x_wconf 81' lang='lat' dir='ltr'><strong>Ortolfus</strong></span> <span class='ocrx_word' id='word_1_388' title='bbox 594 1883 698 1926; x_wconf 56' lang='lat' dir='ltr'><strong>pbrf)</strong></span> <span class='ocrx_word' id='word_1_389' title='bbox 714 1886 752 1915; x_wconf 80' lang='lat' dir='ltr'><strong>et</strong></span> <span class='ocrx_word' id='word_1_390' title='bbox 767 1884 830 1916; x_wconf 83' lang='lat' dir='ltr'><strong>cfr.</strong></span> <span class='ocrx_word' id='word_1_391' title='bbox 847 1895 878 1915; x_wconf 91' lang='lat' dir='ltr'><strong>n.</strong></span> <span class='ocrx_word' id='word_1_392' title='bbox 917 1883 1154 1926; x_wconf 84' lang='lat' dir='ltr'><strong>[Wilhalmus</strong></span> <span class='ocrx_word' id='word_1_393' title='bbox 1170 1884 1206 1915; x_wconf 92' lang='lat' dir='ltr'><strong>in</strong></span> <span class='ocrx_word' id='word_1_394' title='bbox 1222 1884 1336 1916; x_wconf 83' lang='lat' dir='ltr'><strong>Curia</strong></span> <span class='ocrx_word' id='word_1_395' title='bbox 1352 1884 1585 1924; x_wconf 78' lang='lat' dir='ltr'><strong>straminum,</strong></span> <span class='ocrx_word' id='word_1_396' title='bbox 1609 1883 1792 1915; x_wconf 86' lang='lat' dir='ltr'><strong>Albertus</strong></span> 
     </span>
     <span class='ocr_line' id='line_1_35' title="bbox 445 1934 1791 1977; baseline 0.001 -12"><span class='ocrx_word' id='word_1_397' title='bbox 445 1934 499 1965; x_wconf 85' lang='lat' dir='ltr'><strong>fil.</strong></span> <span class='ocrx_word' id='word_1_398' title='bbox 517 1945 618 1975; x_wconf 85' lang='lat' dir='ltr'><strong>suus,</strong></span> <span class='ocrx_word' id='word_1_399' title='bbox 642 1935 788 1967; x_wconf 84' lang='lat' dir='ltr'><strong>oblatio</strong></span> <span class='ocrx_word' id='word_1_400' title='bbox 809 1938 854 1967; x_wconf 89' lang='lat'><strong>60</strong></span> <span class='ocrx_word' id='word_1_401' title='bbox 868 1940 888 1971; x_wconf 65' lang='grc' dir='ltr'><strong>ᾧ.</strong></span> <span class='ocrx_word' id='word_1_402' title='bbox 927 1935 1118 1967; x_wconf 88' lang='lat' dir='ltr'><strong>Iohannes</strong></span> <span class='ocrx_word' id='word_1_403' title='bbox 1139 1935 1263 1967; x_wconf 83' lang='lat' dir='ltr'><strong>dictus</strong></span> <span class='ocrx_word' id='word_1_404' title='bbox 1279 1935 1400 1967; x_wconf 71' lang='lat' dir='ltr'><strong>Rorer</strong></span> <span class='ocrx_word' id='word_1_405' title='bbox 1420 1946 1496 1967; x_wconf 82' lang='lat' dir='ltr'><strong>ean.</strong></span> <span class='ocrx_word' id='word_1_406' title='bbox 1515 1934 1791 1977; x_wconf 81' lang='lat' dir='ltr'><strong>Salozburgen-</strong></span> 
     </span>
     <span class='ocr_line' id='line_1_36' title="bbox 446 1986 1791 2029; baseline 0.001 -12"><span class='ocrx_word' id='word_1_407' title='bbox 446 1986 511 2026; x_wconf 85' lang='lat' dir='ltr'><strong>sis,</strong></span> <span class='ocrx_word' id='word_1_408' title='bbox 544 1986 608 2018; x_wconf 82' lang='lat' dir='ltr'><strong>cfr.</strong></span> <span class='ocrx_word' id='word_1_409' title='bbox 630 1997 660 2018; x_wconf 91' lang='lat' dir='ltr'><strong>n.</strong></span> <span class='ocrx_word' id='word_1_410' title='bbox 712 1986 904 2019; x_wconf 83' lang='lat' dir='ltr'><strong>Iohannes</strong></span> <span class='ocrx_word' id='word_1_411' title='bbox 932 1987 1035 2028; x_wconf 81' lang='lat' dir='ltr'><strong>dyac.</strong></span> <span class='ocrx_word' id='word_1_412' title='bbox 1058 1987 1103 2019; x_wconf 84' lang='lat' dir='ltr'><strong>de</strong></span> <span class='ocrx_word' id='word_1_413' title='bbox 1130 1987 1442 2029; x_wconf 82' lang='lat' dir='ltr'><strong>Hei-ozenburga,</strong></span> <span class='ocrx_word' id='word_1_414' title='bbox 1473 1986 1536 2018; x_wconf 83' lang='lat' dir='ltr'><strong>cfr.</strong></span> <span class='ocrx_word' id='word_1_415' title='bbox 1558 1997 1587 2018; x_wconf 93' lang='lat' dir='ltr'><strong>n.</strong></span> <span class='ocrx_word' id='word_1_416' title='bbox 1640 1986 1791 2018; x_wconf 82' lang='lat' dir='ltr'><strong>Ulricus</strong></span> 
     </span>
     <span class='ocr_line' id='line_1_37' title="bbox 447 2037 1790 2080; baseline 0.001 -12"><span class='ocrx_word' id='word_1_417' title='bbox 447 2037 541 2069; x_wconf 84' lang='lat' dir='ltr'><strong>diae.</strong></span> <span class='ocrx_word' id='word_1_418' title='bbox 562 2041 599 2069; x_wconf 83' lang='lat' dir='ltr'><strong>et</strong></span> <span class='ocrx_word' id='word_1_419' title='bbox 621 2049 663 2069; x_wconf 89' lang='lat' dir='ltr'><strong>m.</strong></span> <span class='ocrx_word' id='word_1_420' title='bbox 685 2043 718 2069; x_wconf 78' lang='lat' dir='ltr'><strong>s⁰</strong></span> <span class='ocrx_word' id='word_1_421' title='bbox 737 2038 857 2070; x_wconf 84' lang='lat' dir='ltr'><strong>Marie</strong></span> <span class='ocrx_word' id='word_1_422' title='bbox 880 2039 1041 2080; x_wconf 80' lang='lat' dir='ltr'><strong>virginis</strong></span> <span class='ocrx_word' id='word_1_423' title='bbox 1065 2040 1101 2070; x_wconf 93' lang='lat' dir='ltr'><strong>in</strong></span> <span class='ocrx_word' id='word_1_424' title='bbox 1125 2038 1264 2080; x_wconf 82' lang='lat' dir='ltr'><strong>Campo</strong></span> <span class='ocrx_word' id='word_1_425' title='bbox 1287 2038 1455 2070; x_wconf 90' lang='lat' dir='ltr'><strong>liliorum</strong></span> <span class='ocrx_word' id='word_1_426' title='bbox 1480 2041 1516 2069; x_wconf 83' lang='lat' dir='ltr'><strong>et</strong></span> <span class='ocrx_word' id='word_1_427' title='bbox 1539 2037 1603 2069; x_wconf 87' lang='lat' dir='ltr'><strong>cfr.</strong></span> <span class='ocrx_word' id='word_1_428' title='bbox 1620 2049 1650 2069; x_wconf 93' lang='lat' dir='ltr'><strong>n.</strong></span> <span class='ocrx_word' id='word_1_429' title='bbox 1695 2038 1790 2070; x_wconf 85' lang='lat' dir='ltr'><strong>Mar-</strong></span> 
     </span>
     <span class='ocr_line' id='line_1_38' title="bbox 446 2089 1790 2131; baseline 0.001 -11"><span class='ocrx_word' id='word_1_430' title='bbox 446 2089 546 2120; x_wconf 83' lang='lat' dir='ltr'><strong>tinus</strong></span> <span class='ocrx_word' id='word_1_431' title='bbox 574 2089 651 2131; x_wconf 91' lang='lat' dir='ltr'><strong>pbr.</strong></span> <span class='ocrx_word' id='word_1_432' title='bbox 675 2089 841 2122; x_wconf 83' lang='lat' dir='ltr'><strong>ecclesie</strong></span> <span class='ocrx_word' id='word_1_433' title='bbox 870 2095 903 2121; x_wconf 59' lang='lat' dir='ltr'><strong>s‘</strong></span> <span class='ocrx_word' id='word_1_434' title='bbox 923 2090 1138 2122; x_wconf 82' lang='lat' dir='ltr'><strong>Katherine</strong></span> <span class='ocrx_word' id='word_1_435' title='bbox 1166 2091 1203 2121; x_wconf 94' lang='lat' dir='ltr'><strong>in</strong></span> <span class='ocrx_word' id='word_1_436' title='bbox 1226 2089 1374 2130; x_wconf 74' lang='lat' dir='ltr'><strong>Stenoz,</strong></span> <span class='ocrx_word' id='word_1_437' title='bbox 1406 2089 1470 2120; x_wconf 83' lang='lat' dir='ltr'><strong>cfr.</strong></span> <span class='ocrx_word' id='word_1_438' title='bbox 1487 2099 1516 2120; x_wconf 86' lang='lat' dir='ltr'><strong>n.</strong></span> <span class='ocrx_word' id='word_1_439' title='bbox 1562 2089 1790 2131; x_wconf 78' lang='lat' dir='ltr'><strong>⁸)Fridrious</strong></span> 
     </span>
     <span class='ocr_line' id='line_1_39' title="bbox 445 2140 1791 2182; baseline 0.001 -11"><span class='ocrx_word' id='word_1_440' title='bbox 445 2151 549 2182; x_wconf 73' lang='lat' dir='ltr'><strong>ppos</strong></span> <span class='ocrx_word' id='word_1_441' title='bbox 574 2140 696 2172; x_wconf 75' lang='lat' dir='ltr'><strong>dictus</strong></span> <span class='ocrx_word' id='word_1_442' title='bbox 727 2141 947 2173; x_wconf 84' lang='lat' dir='ltr'><strong>Pokchfues</strong></span> <span class='ocrx_word' id='word_1_443' title='bbox 982 2145 1019 2173; x_wconf 87' lang='lat' dir='ltr'><strong>et</strong></span> <span class='ocrx_word' id='word_1_444' title='bbox 1050 2141 1092 2173; x_wconf 84' lang='lat' dir='ltr'><strong>fr.</strong></span> <span class='ocrx_word' id='word_1_445' title='bbox 1120 2153 1149 2173; x_wconf 90' lang='lat' dir='ltr'><strong>n.</strong></span> <span class='ocrx_word' id='word_1_446' title='bbox 1173 2152 1201 2172; x_wconf 83' lang='lat' dir='ltr'><strong>a.</strong></span> <span class='ocrx_word' id='word_1_447' title='bbox 1229 2143 1332 2172; x_wconf 89' lang='grc'><strong>1386.</strong></span> <span class='ocrx_word' id='word_1_448' title='bbox 1387 2140 1570 2172; x_wconf 85' lang='lat' dir='ltr'><strong>Albertus</strong></span> <span class='ocrx_word' id='word_1_449' title='bbox 1599 2141 1791 2173; x_wconf 86' lang='lat' dir='ltr'><strong>Zuercher</strong></span> 
     </span>
     <span class='ocr_line' id='line_1_40' title="bbox 446 2190 1789 2235; baseline 0.001 -12"><span class='ocrx_word' id='word_1_450' title='bbox 446 2191 491 2223; x_wconf 87' lang='lat' dir='ltr'><strong>de</strong></span> <span class='ocrx_word' id='word_1_451' title='bbox 507 2191 723 2234; x_wconf 84' lang='lat' dir='ltr'><strong>Newburga</strong></span> <span class='ocrx_word' id='word_1_452' title='bbox 746 2193 824 2234; x_wconf 92' lang='lat' dir='ltr'><strong>pbr.</strong></span> <span class='ocrx_word' id='word_1_453' title='bbox 842 2196 879 2225; x_wconf 76' lang='lat' dir='ltr'><strong>et</strong></span> <span class='ocrx_word' id='word_1_454' title='bbox 897 2193 960 2225; x_wconf 77' lang='lat' dir='ltr'><strong>cfr.</strong></span> <span class='ocrx_word' id='word_1_455' title='bbox 977 2192 1020 2235; x_wconf 90' lang='lat' dir='ltr'><strong>n.]</strong></span> <span class='ocrx_word' id='word_1_456' title='bbox 1062 2193 1185 2234; x_wconf 77' lang='lat' dir='ltr'><strong>Oaspar</strong></span> <span class='ocrx_word' id='word_1_457' title='bbox 1201 2193 1304 2224; x_wconf 84' lang='lat' dir='ltr'><strong>dictus</strong></span> <span class='ocrx_word' id='word_1_458' title='bbox 1321 2192 1436 2233; x_wconf 80' lang='lat' dir='ltr'><strong>Steger</strong></span> <span class='ocrx_word' id='word_1_459' title='bbox 1451 2202 1499 2223; x_wconf 85' lang='lat' dir='ltr'><strong>ac.</strong></span> <span class='ocrx_word' id='word_1_460' title='bbox 1517 2191 1557 2223; x_wconf 86' lang='lat' dir='ltr'><strong>de</strong></span> <span class='ocrx_word' id='word_1_461' title='bbox 1574 2190 1613 2222; x_wconf 83' lang='lat' dir='ltr'><strong>S⁰</strong></span> <span class='ocrx_word' id='word_1_462' title='bbox 1627 2191 1789 2233; x_wconf 77' lang='lat' dir='ltr'><strong>Floriano,</strong></span> 
     </span>
     <span class='ocr_line' id='line_1_41' title="bbox 445 2242 1789 2286; baseline 0.001 -12"><span class='ocrx_word' id='word_1_463' title='bbox 445 2242 501 2274; x_wconf 88' lang='lat' dir='ltr'><strong>cfr.</strong></span> <span class='ocrx_word' id='word_1_464' title='bbox 517 2253 547 2274; x_wconf 96' lang='lat' dir='ltr'><strong>n.</strong></span> <span class='ocrx_word' id='word_1_465' title='bbox 586 2243 757 2275; x_wconf 82' lang='lat' dir='ltr'><strong>Udalricus</strong></span> <span class='ocrx_word' id='word_1_466' title='bbox 780 2244 821 2276; x_wconf 87' lang='lat' dir='ltr'><strong>de</strong></span> <span class='ocrx_word' id='word_1_467' title='bbox 837 2244 868 2276; x_wconf 89' lang='lat' dir='ltr'>N</span> <span class='ocrx_word' id='word_1_468' title='bbox 870 2244 1045 2286; x_wconf 86' lang='lat' dir='ltr'><strong>ewnburga</strong></span> <span class='ocrx_word' id='word_1_469' title='bbox 1068 2244 1138 2286; x_wconf 87' lang='lat' dir='ltr'><strong>pbr.</strong></span> <span class='ocrx_word' id='word_1_470' title='bbox 1155 2247 1188 2275; x_wconf 80' lang='lat' dir='ltr'><strong>et</strong></span> <span class='ocrx_word' id='word_1_471' title='bbox 1207 2244 1263 2275; x_wconf 84' lang='lat' dir='ltr'><strong>cfr.</strong></span> <span class='ocrx_word' id='word_1_472' title='bbox 1279 2255 1309 2275; x_wconf 92' lang='lat' dir='ltr'><strong>n.</strong></span> <span class='ocrx_word' id='word_1_473' title='bbox 1347 2243 1388 2275; x_wconf 95' lang='lat' dir='ltr'><strong>D.</strong></span> <span class='ocrx_word' id='word_1_474' title='bbox 1405 2242 1627 2285; x_wconf 85' lang='lat' dir='ltr'><strong>Sigismundus</strong></span> <span class='ocrx_word' id='word_1_475' title='bbox 1644 2243 1684 2274; x_wconf 87' lang='lat' dir='ltr'><strong>de</strong></span> <span class='ocrx_word' id='word_1_476' title='bbox 1697 2243 1789 2275; x_wconf 86' lang='lat' dir='ltr'><strong>Wel-</strong></span> 
     </span>
     <span class='ocr_line' id='line_1_42' title="bbox 445 2294 1788 2336; baseline 0.001 -11"><span class='ocrx_word' id='word_1_477' title='bbox 445 2294 535 2335; x_wconf 89' lang='lat' dir='ltr'><strong>migk</strong></span> <span class='ocrx_word' id='word_1_478' title='bbox 563 2294 633 2336; x_wconf 90' lang='lat' dir='ltr'><strong>pbr.</strong></span> <span class='ocrx_word' id='word_1_479' title='bbox 656 2297 689 2326; x_wconf 78' lang='lat' dir='ltr'><strong>et</strong></span> <span class='ocrx_word' id='word_1_480' title='bbox 716 2295 754 2326; x_wconf 89' lang='lat' dir='ltr'><strong>fr.</strong></span> <span class='ocrx_word' id='word_1_481' title='bbox 771 2306 801 2327; x_wconf 88' lang='lat' dir='ltr'><strong>n.</strong></span> <span class='ocrx_word' id='word_1_482' title='bbox 852 2295 1019 2327; x_wconf 84' lang='lat' dir='ltr'><strong>Conradus</strong></span> <span class='ocrx_word' id='word_1_483' title='bbox 1048 2295 1088 2326; x_wconf 87' lang='lat' dir='ltr'><strong>de</strong></span> <span class='ocrx_word' id='word_1_484' title='bbox 1113 2295 1222 2326; x_wconf 86' lang='lat' dir='ltr'><strong>Suben</strong></span> <span class='ocrx_word' id='word_1_485' title='bbox 1244 2294 1314 2336; x_wconf 89' lang='lat' dir='ltr'><strong>pbr.</strong></span> <span class='ocrx_word' id='word_1_486' title='bbox 1337 2298 1370 2326; x_wconf 86' lang='lat' dir='ltr'><strong>et</strong></span> <span class='ocrx_word' id='word_1_487' title='bbox 1392 2295 1448 2326; x_wconf 83' lang='lat' dir='ltr'><strong>cfr.</strong></span> <span class='ocrx_word' id='word_1_488' title='bbox 1465 2305 1495 2326; x_wconf 86' lang='lat' dir='ltr'><strong>n.</strong></span> <span class='ocrx_word' id='word_1_489' title='bbox 1544 2294 1639 2325; x_wconf 81' lang='lat' dir='ltr'><strong>Anna</strong></span> <span class='ocrx_word' id='word_1_490' title='bbox 1662 2294 1788 2336; x_wconf 86' lang='lat' dir='ltr'><strong>Foytin,</strong></span> 
     </span>
     <span class='ocr_line' id='line_1_43' title="bbox 444 2345 1788 2388; baseline 0.001 -12"><span class='ocrx_word' id='word_1_491' title='bbox 444 2345 630 2387; x_wconf 78' lang='lat' dir='ltr'><strong>Margareta</strong></span> <span class='ocrx_word' id='word_1_492' title='bbox 654 2346 694 2378; x_wconf 89' lang='lat' dir='ltr'><strong>de</strong></span> <span class='ocrx_word' id='word_1_493' title='bbox 719 2346 838 2388; x_wconf 84' lang='lat' dir='ltr'><strong>Onaso,</strong></span> <span class='ocrx_word' id='word_1_494' title='bbox 867 2346 935 2378; x_wconf 74' lang='lat' dir='ltr'><strong>m¹‘³¹³</strong></span> <span class='ocrx_word' id='word_1_495' title='bbox 959 2347 999 2378; x_wconf 92' lang='lat' dir='ltr'><strong>de</strong></span> <span class='ocrx_word' id='word_1_496' title='bbox 1024 2346 1180 2386; x_wconf 82' lang='lat' dir='ltr'><strong>Gotwico,</strong></span> <span class='ocrx_word' id='word_1_497' title='bbox 1204 2350 1343 2377; x_wconf 59' lang='grc' dir='ltr'><strong>80111101·ΘΒ</strong></span> <span class='ocrx_word' id='word_1_498' title='bbox 1365 2351 1409 2377; x_wconf 61' lang='lat' dir='ltr'><strong>ne.</strong></span> <span class='ocrx_word' id='word_1_499' title='bbox 1455 2346 1615 2377; x_wconf 90' lang='lat' dir='ltr'><strong>Iohannes</strong></span> <span class='ocrx_word' id='word_1_500' title='bbox 1634 2345 1725 2387; x_wconf 86' lang='lat' dir='ltr'><strong>Verg</strong></span> <span class='ocrx_word' id='word_1_501' title='bbox 1747 2346 1788 2378; x_wconf 87' lang='lat' dir='ltr'><strong>de</strong></span> 
     </span>
     <span class='ocr_line' id='line_1_44' title="bbox 443 2396 1788 2439; baseline 0 -11"><span class='ocrx_word' id='word_1_502' title='bbox 443 2396 619 2429; x_wconf 80' lang='lat' dir='ltr'><strong>Novacella</strong></span> <span class='ocrx_word' id='word_1_503' title='bbox 653 2397 722 2439; x_wconf 92' lang='lat' dir='ltr'><strong>pbr.</strong></span> <span class='ocrx_word' id='word_1_504' title='bbox 749 2401 782 2429; x_wconf 84' lang='lat' dir='ltr'><strong>et</strong></span> <span class='ocrx_word' id='word_1_505' title='bbox 813 2398 869 2430; x_wconf 83' lang='lat' dir='ltr'><strong>cfr.</strong></span> <span class='ocrx_word' id='word_1_506' title='bbox 893 2409 923 2429; x_wconf 91' lang='lat' dir='ltr'><strong>n.</strong></span> <span class='ocrx_word' id='word_1_507' title='bbox 981 2398 1143 2438; x_wconf 81' lang='lat' dir='ltr'><strong>Andreas,</strong></span> <span class='ocrx_word' id='word_1_508' title='bbox 1183 2397 1354 2429; x_wconf 83' lang='lat' dir='ltr'><strong>Udalrious</strong></span> <span class='ocrx_word' id='word_1_509' title='bbox 1384 2396 1578 2439; x_wconf 86' lang='lat' dir='ltr'><strong>Predinger,</strong></span> <span class='ocrx_word' id='word_1_510' title='bbox 1618 2396 1788 2428; x_wconf 80' lang='lat' dir='ltr'><strong>Elizabeth</strong></span> 
     </span>
     <span class='ocr_line' id='line_1_45' title="bbox 444 2447 1788 2491; baseline 0 -12"><span class='ocrx_word' id='word_1_511' title='bbox 444 2448 581 2491; x_wconf 84' lang='lat' dir='ltr'><strong>Tanglin</strong></span> <span class='ocrx_word' id='word_1_512' title='bbox 606 2453 639 2480; x_wconf 84' lang='lat' dir='ltr'><strong>et</strong></span> <span class='ocrx_word' id='word_1_513' title='bbox 662 2448 810 2490; x_wconf 81' lang='lat' dir='ltr'><strong>Georius,</strong></span> <span class='ocrx_word' id='word_1_514' title='bbox 834 2449 852 2480; x_wconf 78' lang='lat' dir='ltr'><strong>li</strong></span> <span class='ocrx_word' id='word_1_515' title='bbox 874 2449 1004 2481; x_wconf 85' lang='lat' dir='ltr'><strong>ibidem.</strong></span> <span class='ocrx_word' id='word_1_516' title='bbox 1049 2449 1189 2480; x_wconf 84' lang='lat' dir='ltr'><strong>Iacobus</strong></span> <span class='ocrx_word' id='word_1_517' title='bbox 1210 2448 1292 2480; x_wconf 81' lang='lat' dir='ltr'><strong>Vest</strong></span> <span class='ocrx_word' id='word_1_518' title='bbox 1315 2458 1379 2480; x_wconf 85' lang='lat' dir='ltr'><strong>sac.</strong></span> <span class='ocrx_word' id='word_1_519' title='bbox 1397 2451 1430 2480; x_wconf 80' lang='lat' dir='ltr'><strong>et</strong></span> <span class='ocrx_word' id='word_1_520' title='bbox 1452 2459 1521 2480; x_wconf 83' lang='lat' dir='ltr'><strong>can.</strong></span> <span class='ocrx_word' id='word_1_521' title='bbox 1538 2448 1579 2479; x_wconf 88' lang='lat' dir='ltr'><strong>de</strong></span> <span class='ocrx_word' id='word_1_522' title='bbox 1602 2447 1788 2490; x_wconf 85' lang='lat' dir='ltr'><strong>Newburga</strong></span> 
     </span>
    </p>
   </div>
   <div class='ocr_carea' id='block_1_9' title="bbox 1479 2522 1685 2527">
    <p class='ocr_par' dir='ltr' id='par_1_9' title="bbox 1479 2522 1685 2527">
     <span class='ocr_line' id='line_1_46' title="bbox 1479 2522 1685 2527; baseline 0 0"><span class='ocrx_word' id='word_1_523' title='bbox 1479 2522 1685 2527; x_wconf 95' lang='lat' dir='ltr'><strong> </strong></span> 
     </span>
    </p>
   </div>
   <div class='ocr_carea' id='block_1_10' title="bbox 133 2576 1787 2696">
    <p class='ocr_par' dir='ltr' id='par_1_10' title="bbox 133 2576 1787 2696">
     <span class='ocr_line' id='line_1_47' title="bbox 239 2576 1787 2612; baseline 0.001 -10"><span class='ocrx_word' id='word_1_524' title='bbox 239 2576 262 2609; x_wconf 76' lang='lat'><strong>¹¹)</strong></span> <span class='ocrx_word' id='word_1_525' title='bbox 283 2577 386 2610; x_wconf 74' lang='lat' dir='ltr'><strong>Oorriq:</strong></span> <span class='ocrx_word' id='word_1_526' title='bbox 404 2578 561 2611; x_wconf 82' lang='lat' dir='ltr'><strong>Altnburgk.</strong></span> <span class='ocrx_word' id='word_1_527' title='bbox 649 2577 674 2612; x_wconf 89' lang='lat' dir='ltr'><strong>b)</strong></span> <span class='ocrx_word' id='word_1_528' title='bbox 695 2579 816 2611; x_wconf 78' lang='lat' dir='ltr'><strong>Sequitur</strong></span> <span class='ocrx_word' id='word_1_529' title='bbox 834 2578 905 2604; x_wconf 66' lang='lat' dir='ltr'><strong>locun</strong></span> <span class='ocrx_word' id='word_1_530' title='bbox 916 2587 993 2604; x_wconf 61' lang='lat' dir='ltr'><strong>rasus</strong></span> <span class='ocrx_word' id='word_1_531' title='bbox 1005 2579 1098 2605; x_wconf 78' lang='lat' dir='ltr'><strong>minor.</strong></span> <span class='ocrx_word' id='word_1_532' title='bbox 1186 2579 1209 2611; x_wconf 64' lang='grc' dir='ltr'><strong>θ)</strong></span> <span class='ocrx_word' id='word_1_533' title='bbox 1230 2579 1340 2611; x_wconf 73' lang='lat' dir='ltr'><strong>Corriy.:</strong></span> <span class='ocrx_word' id='word_1_534' title='bbox 1354 2579 1534 2611; x_wconf 76' lang='lat' dir='ltr'><strong>Wolfgangus.</strong></span> <span class='ocrx_word' id='word_1_535' title='bbox 1622 2576 1646 2608; x_wconf 81' lang='lat' dir='ltr'><strong>d)</strong></span> <span class='ocrx_word' id='word_1_536' title='bbox 1666 2578 1787 2611; x_wconf 75' lang='lat' dir='ltr'><strong>Sequitur</strong></span> 
     </span>
     <span class='ocr_line' id='line_1_48' title="bbox 133 2619 1786 2654; baseline 0.002 -10"><span class='ocrx_word' id='word_1_537' title='bbox 133 2627 226 2644; x_wconf 77' lang='lat' dir='ltr'><strong>nomen</strong></span> <span class='ocrx_word' id='word_1_538' title='bbox 242 2619 397 2652; x_wconf 71' lang='lat' dir='ltr'><strong>gentilitium</strong></span> <span class='ocrx_word' id='word_1_539' title='bbox 415 2628 525 2646; x_wconf 73' lang='lat' dir='ltr'><strong>erasum.</strong></span> <span class='ocrx_word' id='word_1_540' title='bbox 630 2621 652 2654; x_wconf 74' lang='grc' dir='ltr'><strong>θ)</strong></span> <span class='ocrx_word' id='word_1_541' title='bbox 671 2622 770 2647; x_wconf 82' lang='lat' dir='ltr'><strong>Nomen</strong></span> <span class='ocrx_word' id='word_1_542' title='bbox 791 2623 941 2647; x_wconf 67' lang='lat' dir='ltr'><strong>monasterii</strong></span> <span class='ocrx_word' id='word_1_543' title='bbox 959 2622 1008 2654; x_wconf 73' lang='lat' dir='ltr'><strong>leqi</strong></span> <span class='ocrx_word' id='word_1_544' title='bbox 1025 2623 1117 2654; x_wconf 75' lang='lat' dir='ltr'><strong>nequit.</strong></span> <span class='ocrx_word' id='word_1_545' title='bbox 1221 2619 1241 2653; x_wconf 70' lang='lat' dir='ltr'><strong>f)</strong></span> <span class='ocrx_word' id='word_1_546' title='bbox 1259 2621 1379 2654; x_wconf 74' lang='lat' dir='ltr'><strong>Sequitur</strong></span> <span class='ocrx_word' id='word_1_547' title='bbox 1397 2622 1468 2646; x_wconf 57' lang='lat' dir='ltr'><strong>locun</strong></span> <span class='ocrx_word' id='word_1_548' title='bbox 1485 2629 1568 2646; x_wconf 69' lang='lat' dir='ltr'><strong>rasus.</strong></span> <span class='ocrx_word' id='word_1_549' title='bbox 1673 2621 1698 2653; x_wconf 75' lang='grc'><strong>8)</strong></span> <span class='ocrx_word' id='word_1_550' title='bbox 1717 2622 1786 2647; x_wconf 74' lang='lat' dir='ltr'><strong>Nota</strong></span> 
     </span>
     <span class='ocr_line' id='line_1_49' title="bbox 133 2663 564 2696; baseline 0.007 -10"><span class='ocrx_word' id='word_1_551' title='bbox 133 2669 238 2694; x_wconf 64' lang='lat' dir='ltr'><strong>aequem</strong></span> <span class='ocrx_word' id='word_1_552' title='bbox 258 2663 345 2689; x_wconf 79' lang='lat' dir='ltr'><strong>colore</strong></span> <span class='ocrx_word' id='word_1_553' title='bbox 363 2663 442 2689; x_wconf 78' lang='lat' dir='ltr'><strong>rubro</strong></span> <span class='ocrx_word' id='word_1_554' title='bbox 460 2664 564 2696; x_wconf 69' lang='lat' dir='ltr'><strong>scripta.</strong></span> 
     </span>
    </p>
   </div>
   <div class='ocr_carea' id='block_1_11' title="bbox 133 2742 1786 2821">
    <p class='ocr_par' dir='ltr' id='par_1_11' title="bbox 133 2742 1786 2821">
     <span class='ocr_line' id='line_1_50' title="bbox 239 2742 1786 2778; baseline 0.001 -9"><span class='ocrx_word' id='word_1_555' title='bbox 239 2743 260 2775; x_wconf 89' lang='lat'><strong>²)</strong></span> <span class='ocrx_word' id='word_1_556' title='bbox 278 2742 417 2770; x_wconf 74' lang='lat' dir='ltr'><strong>Amoldus</strong></span> <span class='ocrx_word' id='word_1_557' title='bbox 433 2743 466 2776; x_wconf 80' lang='lat' dir='ltr'><strong>L,</strong></span> <span class='ocrx_word' id='word_1_558' title='bbox 485 2743 523 2770; x_wconf 90' lang='lat' dir='ltr'><strong>ob.</strong></span> <span class='ocrx_word' id='word_1_559' title='bbox 533 2746 593 2777; x_wconf 79' lang='lat' dir='ltr'><strong>post</strong></span> <span class='ocrx_word' id='word_1_560' title='bbox 609 2747 670 2771; x_wconf 82' lang='lat'><em>1256</em></span> <span class='ocrx_word' id='word_1_561' title='bbox 687 2753 712 2772; x_wconf 85' lang='lat' dir='ltr'><strong>a.</strong></span> <span class='ocrx_word' id='word_1_562' title='bbox 725 2744 830 2771; x_wconf 77' lang='lat' dir='ltr'><strong>incerto.</strong></span> <span class='ocrx_word' id='word_1_563' title='bbox 939 2746 960 2778; x_wconf 78' lang='lat'><strong>²)</strong></span> <span class='ocrx_word' id='word_1_564' title='bbox 984 2744 1116 2778; x_wconf 76' lang='lat' dir='ltr'><strong>Georyius</strong></span> <span class='ocrx_word' id='word_1_565' title='bbox 1128 2744 1151 2771; x_wconf 93' lang='lat' dir='ltr'><strong>I.</strong></span> <span class='ocrx_word' id='word_1_566' title='bbox 1165 2747 1333 2777; x_wconf 78' lang='lat'><strong>1484—1513,</strong></span> <span class='ocrx_word' id='word_1_567' title='bbox 1356 2743 1394 2771; x_wconf 90' lang='lat' dir='ltr'><strong>ob.</strong></span> <span class='ocrx_word' id='word_1_568' title='bbox 1407 2751 1491 2770; x_wconf 72' lang='lat' dir='ltr'><strong>mense</strong></span> <span class='ocrx_word' id='word_1_569' title='bbox 1503 2744 1634 2777; x_wconf 72' lang='lat' dir='ltr'><strong>Auyusto,</strong></span> <span class='ocrx_word' id='word_1_570' title='bbox 1657 2743 1713 2771; x_wconf 78' lang='lat' dir='ltr'><strong>(lies</strong></span> <span class='ocrx_word' id='word_1_571' title='bbox 1729 2752 1786 2771; x_wconf 72' lang='lat' dir='ltr'><strong>non</strong></span> 
     </span>
     <span class='ocr_line' id='line_1_51' title="bbox 133 2785 1666 2821; baseline 0.001 -9"><span class='ocrx_word' id='word_1_572' title='bbox 133 2787 246 2812; x_wconf 74' lang='lat' dir='ltr'><strong>constat.</strong></span> <span class='ocrx_word' id='word_1_573' title='bbox 351 2787 372 2819; x_wconf 80' lang='lat'><strong>³)</strong></span> <span class='ocrx_word' id='word_1_574' title='bbox 390 2785 467 2813; x_wconf 74' lang='lat' dir='ltr'><strong>Filia</strong></span> <span class='ocrx_word' id='word_1_575' title='bbox 485 2786 613 2821; x_wconf 77' lang='lat' dir='ltr'><strong>Leopoldi</strong></span> <span class='ocrx_word' id='word_1_576' title='bbox 637 2787 682 2814; x_wconf 81' lang='lat' dir='ltr'><strong>Vl.</strong></span> <span class='ocrx_word' id='word_1_577' title='bbox 700 2787 830 2814; x_wconf 78' lang='lat' dir='ltr'><strong>Austriae</strong></span> <span class='ocrx_word' id='word_1_578' title='bbox 848 2787 933 2820; x_wconf 78' lang='lat' dir='ltr'><strong>ducis,</strong></span> <span class='ocrx_word' id='word_1_579' title='bbox 952 2795 999 2814; x_wconf 66' lang='grc' dir='ltr'><strong>πω.</strong></span> <span class='ocrx_word' id='word_1_580' title='bbox 1013 2787 1114 2814; x_wconf 77' lang='lat' dir='ltr'><strong>Alberti</strong></span> <span class='ocrx_word' id='word_1_581' title='bbox 1131 2787 1154 2814; x_wconf 95' lang='lat' dir='ltr'><strong>I.</strong></span> <span class='ocrx_word' id='word_1_582' title='bbox 1167 2786 1303 2814; x_wconf 71' lang='lat' dir='ltr'><strong>Saxoniae</strong></span> <span class='ocrx_word' id='word_1_583' title='bbox 1321 2786 1406 2820; x_wconf 78' lang='lat' dir='ltr'><strong>ducis,</strong></span> <span class='ocrx_word' id='word_1_584' title='bbox 1424 2786 1461 2813; x_wconf 87' lang='lat' dir='ltr'><strong>ob.</strong></span> <span class='ocrx_word' id='word_1_585' title='bbox 1476 2789 1538 2813; x_wconf 79' lang='lat' dir='ltr'><strong>ante</strong></span> <span class='ocrx_word' id='word_1_586' title='bbox 1555 2794 1580 2813; x_wconf 85' lang='lat' dir='ltr'><strong>a.</strong></span> <span class='ocrx_word' id='word_1_587' title='bbox 1595 2789 1666 2814; x_wconf 81' lang='lat'><strong>1238.</strong></span> 
     </span>
    </p>
   </div>
  </div>
 </body>
</html>
