2150 3178
90 665 113 684 1⁰

87 883 112 902 1⁶

87 1316 111 1335 ‘25

89 1532 114 1551 30

91 1751 115 1771 ³⁵

87 1965 113 1984 40

86 2183 112 2203 ⁴5

88 2617 112 2636 55

303 184 473 213 ANNALES
493 184 646 212 NECROL.
658 183 838 212 FRATRUM
855 182 1031 211 MINORUM
1049 183 1099 210 AD
1117 183 1143 210 S.
1156 182 1410 211 HIERONYMUM
1428 184 1631 213 VINDOBON.
1722 187 1785 218 283

233 273 265 300 A.
279 272 397 300 d.1502:
421 272 452 298 fr.
465 272 583 299 Iacobus
605 272 639 299 de
658 271 767 299 Vienna
784 277 853 301 sac„
877 270 964 297 bonus
983 271 1091 301 cantor,
1115 269 1144 296 in
1165 270 1311 306 Velsperg,
1338 271 1371 297 fr.
1385 270 1522 298 Matthias
1541 271 1575 298 de
1595 271 1672 298 Lews
1691 279 1746 298 sac.
1759 271 1788 298 in

129 316 306 351 Egenburga,
329 315 362 342 fr.
375 314 511 342 Martinus
530 322 594 347 sac„
616 322 678 349 cap.
691 312 857 345 Clanhoffer‚
876 311 905 339 in
924 312 1042 345 Labaco,
1069 312 1100 339 fx.
1114 313 1302 341 Bernardinus
1320 314 1354 341 de
1373 314 1535 346 Mistlbach,
1554 322 1627 349 mag.
1642 316 1671 342 et
1691 315 1787 342 bacca-

130 359 241 386 laureus
259 358 428 393 theologiae,
454 357 649 393 guar(dian)us
668 358 697 384 et
715 355 882 391 predicator,
904 355 1036 388 Viennae,
1061 355 1094 383 fr.
1108 355 1265 390 Cyprianus
1284 357 1348 384 cler.
1363 357 1391 383 in
1410 357 1530 392 Puping,
1558 357 1590 385 fr.
1604 357 1742 384 Antonius
1761 358 1787 390 1.,

131 401 210 428 faber
227 403 257 429 et
274 409 364 432 cocus,
385 400 543 435 Nenburge,
562 400 595 427 fr.
608 400 707 428 Petrus
725 399 759 427 de
778 398 888 431 Suevia,
908 398 1068 426 devotarius
1085 398 1232 430 maximus,
1250 399 1427 434 Egenburge,
1446 400 1478 426 fr.
1492 399 1657 427 Vincentius
1676 401 1710 428 de
1728 400 1788 428 Laa

130 452 198 477 sac„
227 443 256 470 in
279 452 361 470 curru
382 443 552 471 descendens
573 444 698 470 mortuus
722 442 758 469 ad
777 441 914 469 Viennam
943 442 977 468 de
999 442 1090 474 Lami.
1115 442 1150 469 fr.
1167 442 1364 469 Bonaventura
1387 442 1421 470 de
1444 443 1513 475 Laa,
1541 452 1614 478 mag.
1633 444 1736 471 artium
1760 446 1789 471 et

130 486 232 514 nobilis
250 486 317 514 olim
335 486 464 514 officialis
483 486 512 513 in
526 486 607 513 Nova
620 485 750 518 Civitate,
770 485 929 520 predicator
947 485 1069 519 optimus
1088 487 1116 512 et
1133 484 1316 512 confessarius
1330 485 1434 520 populo
1448 488 1477 513 et
1490 486 1565 513 clero
1577 487 1682 521 gratus,
1702 486 1789 513 etiam

130 529 331 565 guard(ian)us,
348 529 483 561 Viennae,
502 529 535 556 fr.
548 529 667 563 Prosper
685 529 703 555 l.
717 528 850 560 Viennae,
868 527 900 555 fr.
913 528 1011 555 Petrus
1029 529 1047 555 l.
1061 529 1152 555 sartor
1164 527 1299 559 Viennae,
1319 528 1351 555 fr.
1365 528 1525 563 Hypolytus
1544 529 1578 556 de
1596 529 1629 556 S⁰
1642 529 1786 564 Hypolyto

119 579 198 604 sac„
223 580 307 607 saepe
329 571 521 607 guard(ian)us
544 573 574 599 et
595 580 669 606 mag.
687 571 824 602 noviorum,
851 570 892 597 vir
909 570 1000 598 bonae
1018 570 1204 598 conscientiae
1228 572 1256 597 et
1279 570 1358 598 utilis
1381 573 1411 598 et
1435 571 1578 599 multoties
1603 572 1738 599 diffinitor
1760 574 1789 600 et

131 615 255 650 optimus
272 615 399 650 scriptor,
420 614 554 647 Viennae,
577 615 609 641 fr.
623 614 785 641 Franciscus
803 614 838 641 de
856 613 1007 641 Goettsche
1026 622 1081 641 sac.
1094 614 1123 640 in
1141 614 1250 646 Graetz‚
1274 614 1306 641 fr.
1321 613 1444 641 Basilius
1465 615 1498 642 de
1517 614 1601 642 Sacro
1619 615 1714 642 Monte
1733 624 1787 643 sac.

131 661 162 686 et
178 658 338 693 predicator
356 660 454 693 gratus
473 658 641 690 Lancowitz,
667 658 700 685 fr.
713 657 837 692 Angelus
856 657 889 684 de
907 657 1067 692 Ingelstatt‚
1090 666 1145 684 sac.
1165 659 1194 684 et
1212 657 1309 684 doctor
1326 656 1535 687 medicinarum.
1562 657 1590 683 in
1610 658 1729 693 Puping,
1755 658 1787 685 fr.

130 701 290 736 Stephanus
309 701 343 728 de
361 701 531 736 Bamberga,
555 709 610 729 sac.
623 702 652 728 et
671 702 836 735 procurator
853 700 1043 728 saecularibus
1061 700 1214 735 gratiosus,
1242 700 1270 726 in
1290 700 1372 732 Leus,
1397 700 1429 727 fr.
1444 700 1594 735 Gregorius
1613 701 1647 728 de
1667 701 1787 733 Mellico,

130 752 185 771 sac.
199 746 229 772 et
246 746 418 779 procurator,
437 744 464 771 in
485 743 625 771 Paradiso.
662 744 787 771 Summa:
808 744 848 771 17.

232 793 264 819 A.
277 791 397 819 d.1508:
422 792 455 819 fr.
469 791 642 819 Cherubinus
666 792 700 819 de
719 791 852 823 Saxonia,
875 799 930 818 sac.
948 792 978 818 et
999 790 1202 825 guard(ian)us‚
1228 799 1298 817 unus
1317 790 1350 818 de
1370 790 1467 825 primis
1487 791 1558 825 pibus
1577 793 1707 826 receptus
1726 800 1743 818 a
1762 792 1787 819 b.

132 834 307 869 Capistrano,
326 834 464 869 regularis
478 834 673 862 observantiae
686 834 798 866 zelator,
812 833 1000 869 Radegundis,
1019 834 1052 861 fr.
1065 833 1202 861 Martinus
1216 833 1250 861 de
1264 834 1374 861 Brunna
1389 842 1444 861 sac.
1458 833 1487 860 in
1501 834 1587 866 Laws,
1606 834 1640 862 fr.
1649 834 1790 862 Erhardus

131 877 165 904 de
178 876 391 912 Rackelspurga
409 885 472 909 sac„
491 885 576 912 saepe
591 877 770 910 sacristanus,
789 877 818 904 in
832 877 928 904 eodem
941 877 1002 904 loco
1015 876 1099 903 simul
1111 876 1247 911 sepultus,
1266 877 1298 904 fr.
1312 876 1487 911 Augustinus
1500 877 1597 904 Ruffus
1611 886 1672 904 cum
1686 887 1788 913 magna

132 928 198 947 voce
217 921 246 947 et
264 920 316 947 vic.
333 919 388 947 loci
406 919 437 946 in
455 919 567 952 Graetz,
593 921 627 947 fr.
639 920 776 948 Iohannes
794 920 828 947 de
846 919 924 947 Hom
943 920 961 947 l.
978 919 1008 946 in
1027 919 1118 951 Lews,
1144 919 1176 947 fr.
1191 919 1331 954 Agapitus
1349 920 1383 947 de
1403 920 1603 948 Kaetzelstorff
1618 921 1649 953 1.,
1674 921 1789 948 infirmis

131 962 228 995 fidelis,
247 962 435 997 Radegundis,
454 963 487 990 fr.
501 962 644 998 Seyfridus
662 964 696 990 de
709 963 824 990 Brixina
843 963 907 991 cler.
920 963 950 990 in
964 963 1129 995 Lancowitz,
1149 964 1180 990 fr.
1194 963 1368 990 Cherubinus
1387 963 1421 991 de
1434 964 1589 999 Neuburga
1602 973 1657 992 sac.
1671 965 1788 992 devotus

131 1007 160 1033 et
177 1006 292 1033 humilis
311 1015 346 1041 p.,
364 1015 449 1041 saepe
466 1006 659 1042 guard(ian)us
675 1008 704 1034 et
716 1007 832 1042 honeste
847 1007 930 1039 vitae,
944 1006 1061 1039 Vienne,
1079 1007 1112 1034 fr.
1127 1007 1231 1034 Paulus
1244 1007 1278 1035 de
1292 1007 1456 1042 Bamberga,
1476 1016 1531 1035 sac.
1545 1010 1574 1035 et
1587 1008 1788 1043 guard(ian)us,

130 1050 219 1077 bonus
237 1051 266 1076 et
283 1049 406 1077 sincerus
424 1058 460 1084 p.,
480 1050 509 1076 in
528 1049 636 1082 Graetz,
655 1050 688 1077 fr.
701 1050 851 1085 Dionysius
870 1050 904 1077 de
923 1050 1128 1078 Neukuerchen
1146 1059 1201 1078 sac.
1217 1050 1403 1086 Radegundis,
1423 1050 1455 1077 fr.
1472 1051 1597 1078 Ruffinus
1616 1051 1634 1078 l.
1652 1053 1682 1078 et
1699 1053 1790 1079 sartor

130 1093 160 1120 in
177 1093 296 1128 Puping,
315 1093 347 1120 fr.
361 1093 448 1120 Lucas
467 1094 484 1120 l.
498 1093 527 1120 in
545 1093 692 1128 Fridaw1).
711 1094 743 1121 fr.
758 1094 923 1122 Walthasar
941 1093 975 1120 de
989 1093 1182 1121 Waidthoffen
1202 1094 1220 1120 1.
1234 1093 1369 1121 Viennae.
1406 1093 1530 1121 Summa:
1552 1094 1591 1121 13.
1687 1104 1702 1117 ο

233 1140 265 1167 Α.
278 1140 304 1167 d.
318 1140 397 1168 1504:
423 1141 455 1168 fr.
468 1140 597 1176 Erasmus
619 1142 654 1168 de
672 1141 862 1177 Iudenburga,
887 1149 953 1176 sepe
971 1141 1155 1177 guardianus,
1181 1141 1209 1168 in
1229 1141 1340 1173 Graetz,
1365 1141 1398 1167 fr.
1412 1141 1571 1175 Cyprianus
1593 1141 1657 1168 cler.
1678 1150 1740 1169 nov.
1759 1142 1788 1169 in

130 1183 306 1219 Egenburga,
324 1184 357 1210 fr.
370 1183 488 1211 Iacobus
507 1184 541 1212 de
553 1184 679 1212 Schlesia
697 1185 724 1217 1.,
744 1193 814 1212 unus
832 1185 866 1212 de
886 1184 984 1219 primis
1002 1185 1086 1216 hilm,
1107 1185 1192 1216 Lews,
1212 1184 1244 1212 fr.
1258 1184 1407 1218 Dionysius
1426 1184 1459 1211 de
1473 1184 1575 1212 Libera
1587 1183 1711 1212 Civitate
1724 1185 1788 1212 cler.

130 1227 159 1253 in
177 1226 364 1258 Entzerstorffi
384 1227 416 1254 fr.
431 1227 566 1254 Pacificus
585 1227 619 1255 de
638 1228 854 1256 Guentznhausn
874 1236 937 1260 saa,
956 1228 1134 1260 sacristanus,
1153 1229 1186 1255 fr.
1200 1228 1245 1254 fris
1262 1227 1411 1262 Porphyrii
1430 1229 1459 1255 et
1477 1227 1611 1262 lapicida,
1630 1227 1659 1253 in
1677 1227 1787 1259 Graetz,

130 1269 163 1297 fr.
176 1269 332 1297 Lndovicus
354 1270 388 1297 de
407 1270 510 1303 Tulna,
536 1279 591 1298 sac.
607 1272 637 1298 et
656 1271 837 1303 sacristanus,
856 1270 992 1303 Viennae,
1017 1271 1050 1298 fr.
1064 1271 1201 1299 Martinus
1219 1271 1253 1298 de
1273 1272 1415 1298 Amstettn
1435 1271 1467 1304 1.,
1493 1271 1625 1305 antiquus
1651 1271 1682 1297 fr.
1700 1270 1786 1302 utilis,

130 1313 210 1339 faber
227 1314 255 1340 et
274 1312 399 1344 devotus,
419 1312 486 1340 olim
504 1315 668 1348 procurator
687 1314 715 1341 in
732 1314 765 1341 S⁰
778 1314 912 1349 Ypolyto,
932 1314 1102 1348 Noviburge,
1121 1316 1153 1342 fr.
1167 1314 1297 1342 Erasmus
1315 1314 1350 1341 de
1364 1313 1527 1346 Ratisbona,
1547 1321 1635 1341 cocus·
1646 1321 1738 1346 senex,
1757 1313 1786 1340 in

130 1355 239 1388 Graetz,
257 1355 290 1383 fr.
305 1355 427 1383 Andreas
445 1356 480 1383 de
491 1356 621 1384 Leibnitz
640 1357 658 1384 l.
672 1358 836 1392 procurator
847 1356 981 1389 Viennae,
1001 1357 1033 1385 fr.
1047 1357 1263 1392 christophorus
1282 1357 1300 1384 l.
1313 1365 1404 1389 senex,
1423 1358 1512 1383 sartor
1531 1358 1560 1383 et
1578 1356 1695 1383 devotus
1707 1356 1739 1383 fr.
1753 1356 1786 1383 de

133 1397 268 1433 Ungaria,
294 1398 486 1434 Radegundis,
510 1399 541 1426 fr.
555 1400 675 1427 Ioannes
694 1400 726 1428 de
746 1400 851 1427 Gubito
869 1409 923 1428 sac.
942 1399 973 1427 Se
993 1399 1185 1436 Radegundis‚
1208 1400 1239 1426 fr.
1253 1400 1377 1427 Andreas
1395 1400 1430 1426 de
1449 1399 1530 1426 Nova
1549 1398 1672 1426 Civitate
1690 1408 1745 1427 sac.
1759 1399 1787 1426 in

131 1441 250 1474 Fridaw,
278 1441 310 1468 fr.
324 1441 442 1469 Ioannes
460 1450 516 1469 sac.
534 1442 567 1469 de
586 1443 742 1470 Franconia
761 1443 898 1476 Viennae,
923 1443 955 1470 fr.
970 1443 1127 1471 Leonardus
1151 1443 1185 1470 de
1204 1442 1372 1470 Schonstain
1390 1451 1444 1469 sac.
1463 1442 1667 1473 conventualis,
1693 1442 1725 1469 fr.
1738 1442 1785 1469 fri·

130 1484 256 1517 Nicolai,
280 1484 308 1510 in
327 1484 440 1516 Graetz,
464 1485 496 1512 fr.
510 1485 646 1520 Virgilius
665 1486 698 1513 de
717 1486 875 1521 Bamberga
893 1495 948 1514 sac.
965 1486 994 1513 in
1013 1486 1125 1519 Graetz,
1148 1487 1182 1514 fr.
1195 1486 1312 1513 Ioannes
1331 1486 1364 1512 de
1385 1485 1539 1512 Franconia
1557 1494 1625 1517 sac.,
1650 1485 1681 1511 fr.
1694 1493 1784 1516 senex,

132 1526 245 1562 Vienne,
269 1527 301 1554 fr.
314 1527 452 1555 Matthias
469 1528 503 1556 de
517 1528 625 1556 Vienna
644 1538 698 1557 sac.
712 1529 740 1556 in
759 1529 944 1562 eodem'loco,
963 1530 995 1557 fr.
1010 1530 1150 1564 Rupertus
1170 1530 1196 1562 1.,
1215 1529 1295 1556 utilis
1313 1538 1362 1563 pro
1381 1528 1515 1555 librorum
1534 1528 1700 1564 illigatione,
1720 1528 1787 1555 olim

130 1570 270 1606 prefectus
289 1570 318 1597 in
337 1570 449 1603 Graetz,
473 1579 586 1607 precere
605 1573 726 1608 stature,
750 1573 780 1600 in
799 1573 895 1600 eodem
914 1573 983 1605 loco,
1008 1573 1040 1600 fr.
1053 1572 1241 1600 Bernardinus
1260 1572 1294 1599 de
1313 1573 1389 1601 Retz,
1415 1571 1576 1606 predicator
1593 1573 1623 1598 et
1641 1570 1786 1602 consessor,

130 1612 235 1648 pluries
257 1613 440 1648 guardianus,
466 1614 581 1642 honeste
605 1615 675 1650 vite,
695 1615 831 1648 Viennae,
857 1616 889 1643 sr.
909 1616 1003 1643 Simon
1023 1616 1120 1644 Petrus
1143 1625 1198 1643 sac.
1218 1615 1252 1643 de
1274 1614 1428 1642 senioribus
1451 1614 1568 1642 devotus
1591 1614 1621 1641 in
1640 1614 1787 1649 Velsperg.

131 1656 255 1683 Summa:
274 1657 316 1684 20.

235 1699 266 1726 A.
280 1700 307 1726 d.
321 1700 400 1727 1505:
419 1700 452 1727 fr.
465 1700 649 1735 Hieronymus
667 1701 701 1728 de
719 1701 830 1736 Iglavia
847 1710 911 1733 sac„
930 1702 1090 1737 predicator
1108 1703 1138 1729 et
1156 1702 1301 1733 confessor,
1322 1701 1364 1727 vir
1380 1701 1498 1735 simplex
1511 1702 1540 1728 et
1553 1700 1676 1728 sincerus
1695 1710 1786 1733 senex,
1815 1726 1821 1732 ,

135 1741 249 1779 Vienne,
273 1742 305 1770 fr.
319 1743 487 1778 Pangratius
505 1744 539 1771 de
558 1744 665 1778 Mysus,
687 1753 742 1772 sac.
756 1746 785 1772 et
802 1745 835 1772 fr.
849 1745 1012 1777 laboriosus,
1031 1745 1059 1772 in
1078 1744 1196 1778 Fridaw,
1220 1745 1252 1771 fr.
1266 1744 1390 1771 Andreas
1408 1744 1442 1771 de
1461 1743 1561 1775 Salice,
1585 1752 1639 1771 sac.
1652 1746 1682 1771 et
1700 1744 1787 1771 bonus

130 1785 250 1818 iuvenis,
270 1785 375 1822 Vienne
385 1787 419 1818 ²),
443 1786 476 1812 fr.
490 1786 596 1822 Caspar
619 1787 653 1814 de
671 1787 850 1815 Waidhoffen
868 1797 924 1815 sac.
942 1788 1060 1823 simplex
1079 1788 1254 1823 Egenburge,
1280 1788 1312 1815 fr.
1326 1787 1452 1815 Clemens
1475 1787 1509 1814 de
1528 1787 1621 1814 Tulna
1639 1787 1656 1814 1.
1676 1789 1706 1814 et
1723 1795 1787 1822 pro-

132 1829 245 1855 curator
263 1836 347 1855 senex
366 1830 395 1856 et
413 1829 516 1863 probus
534 1830 563 1856 in
581 1831 691 1863 Graetz,
710 1831 742 1858 fr.
756 1831 893 1858 Antonius
911 1832 946 1859 de
964 1831 1040 1863 Retz,
1060 1840 1113 1859 sac.
1127 1831 1261 1865 antiquus
1281 1831 1313 1857 Se
1329 1830 1517 1866 Radegundis,
1537 1830 1568 1857 fr.
1584 1830 1733 1857 Natzarius
1752 1831 1786 1858 de

132 1870 258 1904 Polonia,
277 1873 354 1899 totus
374 1871 483 1899 activus
501 1881 557 1900 sac.
570 1873 599 1900 in
618 1873 706 1905 Stain,
725 1874 757 1901 fr.
771 1874 875 1901 Paulus
893 1874 928 1902 de
947 1874 1103 1910 Bamberga
1121 1883 1184 1906 sac„
1201 1873 1273 1909 legit
1285 1873 1366 1901 nobis
1378 1882 1514 1900 summam
1526 1873 1640 1911 Vienne,
1659 1881 1741 1900 senex
1760 1883 1787 1908 p.

133 1915 163 1941 et
182 1913 306 1947 devotus,
325 1914 413 1941 bonus
432 1915 577 1949 confessor,
597 1925 681 1951 saepe
694 1917 871 1951 guardianus,
885 1917 1018 1950 Viennae,
1037 1918 1069 1944 fr.
1082 1917 1206 1945 Michael
1220 1917 1254 1944 de
1267 1917 1378 1945 Labaco
1391 1925 1454 1948 sac„
1474 1925 1535 1951 cap.
1549 1916 1615 1942 olim
1629 1916 1654 1942 di
1667 1916 1787 1945 Rauber.

131 1956 298 1991 predicator,
318 1957 405 1985 etiam
424 1958 594 1993 guardianus
607 1959 637 1986 in
651 1960 880 1992 Ruedolfswerdt,
900 1961 933 1988 fr.
944 1960 1049 1995 Caspar
1066 1961 1099 1988 de
1113 1960 1225 1987 Prussia
1237 1960 1265 1992 1.,
1283 1961 1413 1995 expertus
1426 1959 1468 1986 vir
1481 1959 1574 1994 quoad
1586 1959 1787 1987 confectionem

130 1999 332 2027 medicinarum
352 2002 381 2027 et
399 2001 522 2035 optimus
534 2001 709 2035 infirmarius,
726 2002 839 2038 vienne,
857 2004 890 2031 fr.
906 2004 1089 2031 Bernardinus
1107 2004 1141 2030 de
1154 2003 1318 2038 Ellerspach
1333 2011 1388 2030 sac.
1401 2002 1429 2037 in
1443 2002 1562 2029 Labaco.
1599 2002 1724 2029 Summa:
1739 2003 1786 2030 .11.

234 2048 266 2075 A.
279 2048 304 2074 d.
318 2048 399 2076 1506:
425 2049 457 2076 fr.
471 2049 628 2077 Bernartius
647 2050 681 2078 de
699 2050 792 2077 Pruck
809 2059 864 2078 sac.
883 2051 911 2077 in
932 2050 1103 2083 Lancowitz,
1130 2051 1161 2077 fr.
1175 2050 1363 2078 Bernardinus
1381 2050 1415 2077 de
1434 2049 1607 2081 Stranstorff,
1632 2058 1687 2077 sac.
1707 2050 1736 2076 in
1755 2049 1787 2076 S⁰

129 2090 284 2125 Hypolyto,
312 2092 344 2118 fr.
363 2090 494 2119 Erasmus
519 2093 552 2120 de
575 2093 688 2127 Septem
711 2093 815 2120 Castris
837 2102 893 2121 sac.
916 2094 945 2120 in
968 2094 1092 2126 Labaeo,
1120 2094 1152 2121 fr.
1165 2093 1290 2129 Egydius
1314 2093 1348 2120 de
1372 2094 1501 2128 Augusta
1525 2093 1542 2119 l.
1563 2092 1591 2119 in
1610 2093 1786 2127 Egenburga‚

130 2132 163 2159 fr.
174 2132 294 2160 Lucidus
307 2134 341 2161 de
356 2134 380 2160 N
382 2134 492 2167 usdorff,
505 2135 524 2162 l.
537 2137 627 2163 sartor
639 2135 667 2162 in
679 2135 767 2168 Lewa
786 2136 818 2163 fr.
830 2137 999 2164 Benedictus
1011 2137 1046 2164 de
1059 2137 1213 2169 Corinthia,
1227 2135 1330 2164 nobilis
1342 2145 1406 2167 sac.,
1424 2135 1602 2170 praedicator
1615 2135 1785 2170 apostolicus

130 2175 255 2209 devotus,
282 2177 386 2211 populo
404 2180 508 2212 gratus,
534 2180 634 2213 captus
652 2187 669 2206 a
688 2178 794 2211 Turcis,
820 2182 918 2214 postea
936 2180 1109 2215 redemptus,
1135 2180 1190 2207 fuit
1210 2180 1297 2207 etiam
1316 2179 1345 2205 in
1364 2179 1452 2206 Terra
1471 2179 1587 2211 Sancta,
1611 2178 1786 2213 Egenbmge,

130 2217 161 2244 fr.
175 2218 303 2253 Raphael
322 2228 386 2252 sac,
406 2220 493 2248 bonus
511 2221 685 2255 hortulanus,
705 2221 757 2249 vic.
770 2222 833 2255 loci,
853 2222 940 2250 etiam
959 2222 1162 2258 guard(ian)us‚
1182 2223 1211 2250 in
1223 2221 1411 2254 Entzerstorff,
1430 2222 1463 2248 fr.
1477 2222 1575 2249 Petrus
1590 2221 1625 2248 de
1638 2221 1785 2253 Ganfoern,

130 2261 223 2296 sepius
242 2262 412 2297 guardianus
430 2265 460 2291 et
478 2264 531 2292 vic.
545 2264 606 2296 loci,
619 2265 737 2302 Vienne,
756 2266 788 2292 fr.
801 2265 937 2294 Eusebius
955 2266 990 2294 de
1010 2266 1084 2293 Hom
1102 2274 1157 2294 sac.
1168 2266 1286 2300 Vienne,
1306 2265 1337 2292 fr.
1351 2264 1549 2292 Christofforus
1568 2265 1602 2291 de
1621 2264 1703 2292 Lintz
1722 2265 1785 2293 cler.

130 2304 160 2330 in
173 2304 313 2341 Pupping,
332 2306 365 2333 fr.
379 2306 467 2334 Lucas
485 2307 520 2335 de
533 2307 682 2336 Weitneck
701 2317 756 2336 sac.
769 2309 799 2335 in
811 2309 897 2342 Lews,
916 2309 949 2336 fr.
962 2309 1085 2337 Michael
1103 2309 1137 2337 de
1153 2309 1279 2336 Schlesia
1298 2309 1315 2335 l.
1329 2310 1419 2335 sartor
1437 2308 1465 2334 in
1481 2307 1568 2339 Lews,
1588 2308 1619 2335 fr.
1633 2307 1786 2335 Damianus

131 2347 164 2375 de
182 2347 315 2381 Gmundt,
338 2358 456 2385 magnus
474 2349 586 2385 pinguis
603 2360 639 2386 p.‚
662 2351 692 2378 in
711 2351 852 2385 Paradiso,
874 2353 907 2380 fr.
921 2352 1060 2380 Patricius
1082 2352 1146 2380 cler.
1157 2352 1273 2388 Vienne,
1292 2351 1324 2378 fr.
1337 2350 1530 2386 sigismundus
1549 2350 1583 2377 de
1603 2350 1785 2382 Lantzhueta,

130 2396 184 2417 sac.
197 2392 226 2418 et
245 2391 391 2425 confessor,
410 2392 504 2428 sepius
522 2394 701 2428 guardianus,
719 2394 748 2422 in
767 2395 853 2423 Lews.
891 2396 1016 2423 Summa:
1036 2397 1076 2423 15.

233 2439 265 2466 Α.
278 2439 303 2465 d.
317 2439 397 2467 1507:
422 2440 454 2467 fr.
467 2440 592 2469 And-reas
613 2442 647 2469 de
665 2442 777 2470 Frisaco
795 2451 850 2471 sac.
869 2452 931 2470 cum
951 2452 1053 2478 magna
1073 2451 1139 2470 voce
1157 2443 1186 2469 in
1205 2442 1295 2474 Laws,
1321 2441 1353 2468 fr.
1366 2441 1464 2468 Gallus
1483 2440 1617 2474 antiquus
1635 2441 1666 2472 1.,
1694 2441 1781 2467 bonus

130 2482 264 2513 murator,
288 2481 317 2508 in
335 2482 426 2515 Lews,
447 2482 480 2510 fr.
493 2483 629 2520 Georgius
647 2485 681 2512 de
699 2485 836 2521 Fuessing
853 2495 908 2513 sac.
922 2486 951 2513 in
969 2486 1083 2519 Graetz,
1106 2486 1139 2513 fr.
1152 2484 1348 2520 Wolffgangus
1367 2484 1402 2511 de
1420 2483 1643 2510 Stainkuerchen
1661 2484 1680 2510 1.
1693 2483 1783 2518 pistor

130 2523 159 2550 in
176 2525 256 2558 peste
274 2525 303 2552 in
323 2525 466 2559 Paradiso,
491 2527 523 2554 fr.
538 2527 675 2562 Kylianus
694 2529 758 2557 cler.
771 2529 800 2556 in
819 2531 898 2564 peste
917 2529 947 2556 in
967 2530 1049 2562 Leus,
1073 2530 1106 2557 fr.
1120 2529 1279 2557 Leonardus
1297 2528 1314 2554 1.
1328 2526 1474 2561 antiquus,
1499 2526 1669 2553 sacristanus
1687 2527 1784 2558 bonus,

129 2565 250 2605 Vienne,
274 2568 306 2595 fr.
320 2568 486 2597 Laurentius
504 2570 522 2597 l.
535 2572 636 2603 sartor,
662 2580 725 2599 nov.
742 2573 812 2606 prof.
827 2572 947 2608 Vienne,
973 2572 1005 2599 fr.
1018 2573 1142 2600 Andreas
1161 2572 1194 2599 de
1213 2569 1395 2598 Entzerstorff
1410 2578 1465 2596 sac.
1479 2568 1724 2601 Ruedolffswerdt,
1751 2569 1784 2596 fr.

130 2609 267 2637 Martinus
286 2611 320 2638 de
339 2611 507 2648 Egenburga
525 2613 541 2640 l.
555 2613 584 2640 in
597 2614 742 2650 Velsperg,
760 2615 793 2642 fr.
806 2616 1016 2643 Maximilianus
1033 2616 1067 2643 de
1086 2616 1119 2642 S0
1131 2615 1284 2650 Hypolyto‚
1303 2622 1358 2641 Sac-
1371 2615 1400 2640 0¹⁶
1418 2612 1578 2650 predicator
1596 2611 1622 2638 Si
1636 2612 1783 2646 Hypolyti,

129 2652 162 2679 fr.
175 2652 319 2681 Ottmarus
331 2654 365 2681 de
380 2655 518 2691 Pnpping,
536 2656 555 2684 l.
569 2665 672 2691 coquus
685 2657 714 2684 in
728 2658 897 2691 Lancowitz,
915 2659 948 2686 fr.
962 2659 1122 2693 Hypolytus
1135 2658 1169 2686 de
1180 2657 1327 2691 Witzperg
1339 2664 1394 2683 sac.
1408 2655 1437 2681 in
1451 2655 1617 2687 Lancowitz,
1636 2654 1669 2682 fr.
1680 2655 1784 2682 Vitalis

236 2765 256 2799 ¹)
277 2764 435 2793 Coenobium
452 2767 484 2793 im
501 2767 613 2794 Mau
630 2768 662 2795 v'n
680 2768 811 2797 σαν-Μυῖα
828 2778 849 2798 s.
861 2770 974 2798 Mariae
992 2771 1024 2798 de
1043 2769 1217 2804 conceptione
1235 2768 1384 2796 dedicatum
1402 2770 1468 2795 erat.
1566 2769 1588 2801 ¹)
1607 2767 1643 2794 1η
1661 2767 1783 2794 coenobio

129 2815 163 2834 ss.
179 2807 329 2836 Theobaldo
346 2812 371 2837 et
389 2810 580 2839 Bernhardino
598 2811 727 2841 dedicato.

1521 2863 1574 2889 36*
