2150 3178
402 676 593 735 MON
595 677 849 736 UMEN
852 677 966 735 TA
1005 678 1066 736 N
1068 677 1609 737 EOROLOGIGA

197 771 557 830 PATRUM
596 770 1018 831 MINORUM
1057 771 1816 833 CONVENTUALIUM

374 866 495 924 AD
540 866 596 924 S.
628 865 990 925 CRUGEM
1026 866 1635 927 VINDOBONAE.

278 1006 333 1052 P
328 1021 435 1051 atrum
461 1019 629 1051 Minorum
658 1018 911 1051 conventualium
938 1030 963 1051 s,
985 1019 1155 1051 Francisci
1182 1019 1321 1060 reyulam
1344 1021 1558 1060 professorum
1585 1021 1629 1052 ad
1650 1020 1684 1053 S.
1703 1021 1834 1052 Crucem

183 1071 395 1110 Vindobonae,
423 1081 557 1111 quorum
583 1074 752 1103 conventus
778 1081 799 1102 a
826 1071 980 1111 Leopolclo
1006 1071 1062 1103 VI.
1086 1072 1241 1103 Austriae
1267 1072 1346 1103 duce
1372 1082 1411 1103 eoe
1436 1071 1690 1113 Babenberyensi
1713 1072 1833 1104 illustri

175 1123 273 1163 stirpe
295 1125 402 1155 exorto
423 1132 454 1154 a.
473 1123 558 1155 1224
579 1123 740 1162 fundatus
762 1133 826 1154 esse
844 1123 963 1164 fertur,
984 1123 1166 1164 yravissimi
1186 1124 1334 1155 momenti
1352 1126 1553 1155 monumenta
1568 1123 1760 1164 necroloyica
1782 1123 1834 1155 his

175 1174 364 1214 temporibus
386 1177 521 1206 exstant.

279 1231 309 1262 1.
339 1229 559 1271 Necroloyium
582 1230 678 1262 codex
700 1230 832 1263 maioris
853 1231 976 1269 formae
997 1231 1265 1269 membranaceus,
1295 1242 1381 1262 nune
1403 1231 1443 1270 A,
1462 1231 1556 1271 prius
1579 1233 1598 1262 1
1620 1232 1773 1272 simuitus,
1796 1232 1832 1263 in

175 1281 356 1314 bibliotheca
370 1284 504 1323 patrum
519 1281 696 1321 Minorum,
718 1283 763 1314 acl
784 1282 943 1314 ecclesiam
965 1294 990 1314 s.
1010 1283 1182 1314 Trinitatis
1199 1283 1399 1315 Vindobonae
1414 1284 1653 1322 translatorum,
1676 1283 1833 1323 repositus

171 1333 262 1376 foliis
285 1335 391 1365 1-43
413 1334 559 1366 continet.
609 1333 711 1366 Cuius
733 1334 807 1366 libri
828 1335 1087 1374 antiquissimam
1106 1338 1230 1374 partem
1252 1336 1336 1366 inter
1357 1346 1386 1366 a.
1405 1336 1490 1366 1360
1509 1338 1538 1367 et
1554 1336 1638 1367 1370
1661 1336 1833 1376 composuit

175 1388 205 1418 et
226 1386 355 1426 scripsit
375 1386 479 1424 frater
501 1385 675 1418 Heinricus
698 1386 750 1427 (de
771 1386 1010 1428 Freysin91)?),
1041 1387 1098 1426 qui
1117 1387 1321 1427 quardianus
1342 1387 1439 1418 huius
1460 1390 1629 1419 conventus
1650 1388 1772 1426 fuerat,
1795 1390 1833 1419 ut

169 1439 261 1477 patet
282 1437 340 1469 sub
363 1437 472 1469 diebus
493 1437 669 1469 Februarii
690 1439 720 1476 8,
749 1438 891 1479 Auyusti
912 1438 964 1477 28,
999 1437 1139 1470 Octobris
1162 1439 1213 1470 10.
1238 1441 1287 1470 11.
1314 1438 1364 1477 15,
1394 1439 1487 1470 cuius
1509 1439 1604 1471 etiam
1625 1439 1702 1470 aliis
1723 1438 1832 1471 multis

174 1488 251 1521 locis
269 1489 373 1530 ipsius
393 1499 491 1521 manu
506 1491 535 1520 et
545 1490 757 1528 posteriorum
771 1489 949 1521 scribarum
965 1490 1079 1522 mentio
1094 1490 1173 1532 fit.²)
1208 1490 1271 1531 Qui
1286 1501 1357 1522 cum
1372 1490 1490 1522 multas
1505 1493 1598 1522 notas
1613 1490 1699 1531 lonye
1709 1491 1832 1531 prioris

175 1541 322 1582 temporis
343 1541 550 1583 inscripserit,
573 1551 644 1572 eum
665 1540 773 1581 aliquo
795 1552 811 1573 e
833 1540 933 1573 libello
955 1541 1045 1573 nobis
1066 1541 1157 1574 hodie
1178 1552 1242 1574 non
1264 1545 1445 1574 conservato
1467 1542 1540 1574 illas
1564 1542 1707 1574 hausisse
1731 1543 1832 1575 conici

168 1595 282 1633 potest.
330 1593 420 1633 Quod
441 1603 520 1633 opus
541 1593 741 1633 sequentibus
764 1593 952 1633 temporibus
974 1593 1091 1625 diversi
1113 1593 1247 1633 librarii,
1272 1594 1355 1626 inter
1375 1605 1453 1634 quos
1471 1594 1626 1626 Nicolaus
1642 1595 1787 1635 Toplarii
1795 1596 1831 1637 ³),

174 1644 231 1684 qui
254 1644 459 1684 qum-dianus
481 1644 634 1675 Heinrico
662 1644 787 1676 auctori
811 1645 995 1676 successisse
1021 1645 1155 1683 videtur,
1184 1648 1276 1677 notas
1293 1645 1455 1685 plurimas
1477 1646 1648 1678 inserentes
1669 1650 1831 1679 auxerunt

174 1705 214 1727 ac
246 1706 345 1736 usque
378 1696 422 1727 ad
450 1706 531 1728 saec.
554 1697 606 1728 16.
633 1697 908 1728 continuaverunt.
967 1697 1052 1737 Quia
1085 1697 1122 1729 cle
1152 1697 1385 1729 anniversariis
1413 1698 1562 1736 fundatis
1591 1698 1709 1730 multae
1739 1702 1831 1731 notae

174 1749 355 1785 occurrunt,
387 1747 490 1787 <meris
518 1757 630 1779 nomen
656 1747 739 1780 liber
761 1748 1050 1781 anniversariorum
1073 1759 1193 1789 quoque
1213 1749 1348 1789 probari
1368 1752 1486 1791 posset,
1517 1750 1602 1790 quod
1617 1751 1759 1791 primum
1782 1751 1831 1782 vir

174 1798 361 1830 venerabilis
382 1798 597 1839 Hieronymus
619 1798 694 1838 Pez,
724 1800 868 1840 quamvis
890 1801 998 1832 minus
1020 1803 1180 1839 accurate,
1209 1801 1309 1833 edidit
1329 1801 1520 1842 (Scriptores
1545 1813 1652 1834 rerum
1678 1803 1831 1834 Austria-

174 1860 286 1882 carum
308 1850 358 1888 II,
374 1851 570 1892 472-508).

277 1908 308 1938 2.
341 1906 435 1938 Isibri
454 1906 667 1947 sepulcrorum
690 1908 725 1939 in
743 1910 877 1948 patrum
900 1907 1028 1940 ecclesia
1043 1908 1211 1940 Minorum
1233 1908 1277 1940 acl
1292 1908 1324 1941 S.
1340 1909 1470 1941 Crucem
1489 1909 1720 1942 Vindobonensi
1741 1910 1832 1942 hodie

174 1957 258 1990 duae
272 1960 444 1999 supersunt
457 1959 659 1998 recensiones,
682 1970 818 1999 quarum
827 1960 922 2000 prior
936 1970 967 1991 a.
980 1960 1106 1992 circiter
1123 1960 1216 1998 1370,
1239 1963 1276 1992 ut
1291 1960 1405 1992 titulus
1413 1961 1594 2001 profitetur,
1615 1962 1659 1993 acl
1673 1962 1830 1994 eeclesiam

173 2013 303 2042 sanctae
329 2009 442 2042 Crucis
465 2010 615 2042 instituta
637 2011 673 2042 in
696 2011 812 2043 codicis
833 2012 965 2044 maioris
983 2012 1107 2054 formae
1129 2012 1365 2050 membranacei,
1387 2023 1474 2044 nunc
1489 2013 1530 2052 A,
1551 2014 1645 2053 prius
1661 2015 1680 2044 1
1701 2014 1830 2055 siynati,

169 2060 261 2103 foliis
282 2061 410 2092 45—51
433 2062 490 2101 (cf.
507 2062 542 2103 1)
565 2062 655 2101 inest,
678 2073 758 2103 quae
779 2066 860 2095 recte
882 2067 979 2096 notae
1002 2064 1225 2106 necrologicae
1249 2063 1290 2096 de
1314 2064 1468 2106 sepulcris
1491 2065 1706 2105 appellantur,
1729 2065 1831 2098 altera

173 2124 243 2146 vero
262 2114 427 2155 posterior,
450 2124 532 2154 quae
554 2114 657 2146 codiee
679 2114 878 2147 bibliothecae
896 2116 1080 2155 provinciae
1102 2116 1258 2147 Austriae
1279 2116 1450 2154 Inferioris
1471 2116 1535 2147 444
1558 2117 1688 2148 maioris
1709 2117 1830 2157 formae

173 2165 407 2197 membranaceo
434 2166 621 2203 continetur,
651 2177 681 2197 α.
704 2166 830 2198 circiter
852 2167 937 2198 1380
959 2167 1072 2207 confici
1094 2169 1202 2207 coepta
1224 2170 1278 2199 est.
1323 2167 1474 2200 Recensio
1497 2170 1634 2208 utraque
1655 2179 1677 2200 a
1699 2169 1831 2201 diversis

173 2216 378 2248 librariorum
393 2216 542 2249 manibus
557 2220 586 2249 et
601 2218 725 2258 quidem
733 2218 828 2258 prior
842 2228 940 2259 usque
954 2218 999 2250 ad
1012 2229 1090 2250 saec.
1110 2218 1170 2257 15„
1191 2219 1346 2258 posterior
1362 2229 1461 2259 usque
1476 2219 1520 2251 ad
1533 2230 1613 2252 saec.
1628 2220 1678 2252 16.
1695 2220 1829 2252 deducta

173 2270 226 2300 est.
277 2268 402 2300 Notatu
431 2269 582 2308 inprimis
608 2269 738 2310 ‹li-(mum
765 2280 829 2302 esse
854 2270 990 2308 violetur,
1020 2270 1105 2311 quod
1131 2270 1166 2302 in
1187 2270 1364 2302 recensione
1379 2271 1565 2311 posteriore,
1597 2282 1678 2312 quae
1700 2272 1830 2304 maioris

172 2330 270 2360 quam
290 2321 384 2360 prior
403 2320 505 2360 pretii
532 2331 597 2353 esse
624 2322 777 2353 censenda
799 2324 858 2360 est,
887 2321 971 2353 notis
993 2321 1031 2354 de
1047 2332 1259 2363 personarum
1280 2321 1328 2354 vel
1346 2323 1487 2362 =centium
1508 2323 1663 2363 sepulcris
1682 2334 1830 2364 yenerum

173 2371 316 2412 insiynia
338 2371 493 2404 coloribus
514 2372 638 2412 depicta
656 2373 728 2415 fere
749 2373 865 2413 ubique
886 2376 945 2405 aut
960 2373 1147 2414 praeposita
1169 2376 1227 2405 aut
1248 2374 1408 2406 interdum
1430 2374 1600 2406 subiuncta
1620 2375 1693 2406 sint.

277 2423 500 2456 Recensionem
529 2423 603 2456 libri
631 2424 845 2464 sepulcrorum
868 2425 1008 2465 priorem
1035 2425 1100 2457 iam
1124 2425 1222 2465 prius
1248 2428 1438 2457 memoratus
1466 2425 1504 2458 P.
1525 2426 1740 2467 Hieronymus
1767 2426 1830 2459 Pee

173 2473 363 2516 (Scriptores
377 2486 484 2507 rerum
496 2475 747 2509 Austriacarum
759 2477 809 2515 II,
822 2477 1018 2516 509-518),
1032 2477 1240 2509 recensionem
1252 2477 1454 2517 posteriorem
1469 2479 1553 2510 notis
1567 2478 1829 2510 abundantiorem

280 2582 299 2615 ¹)
318 2581 374 2608 Hic
395 2581 437 2609 die
455 2582 521 2609 Iun.
535 2586 570 2610 30
587 2586 693 2610 mortem
719 2583 811 2611 obiisse
833 2584 865 2611 in
886 2584 1043 2619 Necroloyio
1065 2584 1164 2612 dicitur
1185 2587 1210 2612 et
1232 2585 1315 2611 annis
1333 2588 1501 2612 1348—1359
1518 2588 1587 2612 certe
1602 2586 1776 2619 yuarclianus
1797 2586 1829 2612 in

171 2623 270 2650 tabulis
291 2627 452 2651 memoratur
474 2625 600 2660 (Quellen
616 2635 638 2654 z.
653 2626 742 2654 Geseh.
761 2627 856 2654 Wiens
873 2627 916 2661 II,
931 2632 952 2660 1,
971 2636 1013 2656 nr.
1026 2630 1093 2656 325).
1134 2628 1206 2655 Ante
1226 2630 1361 2655 auctorem
1383 2628 1526 2663 necroloyii
1546 2628 1601 2662 fuit
1618 2631 1642 2655 et
1659 2629 1727 2655 alter
1744 2628 1828 2655 Hein-

171 2667 245 2693 ricus
263 2667 468 2700 Ratispomnsis
488 2669 660 2703 guardianus
680 2671 802 2703 fratrum
820 2671 963 2697 Bfinorum
981 2671 1234 2704 Vindobonensium,
1260 2672 1307 2705 qui
1324 2672 1432 2705 saepius
1449 2672 1480 2698 in
1497 2672 1647 2707 necroloyio
1664 2672 1827 2706 nominatus,

171 2710 244 2737 circa
262 2719 287 2737 α.
302 2713 368 2738 1349
385 2710 478 2739 obiisse
496 2712 613 2746 videtum
634 2713 669 2746 cf.
682 2714 759 2747 infra
776 2714 813 2741 ad
829 2714 897 2741 diem
916 2714 972 2742 Oct.
984 2719 1008 2742 5.
1113 2716 1135 2750 ²)
1154 2715 1238 2742 Duae
1255 2715 1361 2742 tabulae
1382 2716 1416 2742 ab
1433 2715 1530 2748 eodem,
1553 2719 1584 2742 ut
1603 2716 1721 2749 zidetur,
1747 2716 1829 2743 datae

170 2756 230 2787 post
248 2754 428 2788 necrologium
445 2755 560 2789 scriptae
577 2759 648 2784 sunt.
754 2758 777 2791 ⁸)
792 2757 849 2784 Hic
862 2761 967 2791 partem
983 2766 1081 2791 eorum,
1104 2767 1174 2792 quae
1191 2758 1239 2785 sub
1256 2758 1298 2785 die
1317 2759 1378 2786 Ian.
1391 2763 1405 2785 1
1423 2759 1555 2793 leyuntur,
1581 2760 1688 2793 scripsit
1705 2762 1728 2786 e!
1747 2760 1829 2786 etiam

172 2804 199 2823 a.
213 2799 275 2823 1391
289 2796 463 2831 quai-dianus
479 2797 511 2824 in
528 2798 628 2826 tabulis
645 2803 805 2827 memoratur
821 2801 851 2834 (l.
863 2808 884 2828 c.
898 2801 936 2834 II,
953 2805 975 2834 1,
994 2809 1036 2828 nr.
1051 2804 1130 2835 1221).
