2150 3178
339 186 404 216 504

356 1639 382 1667 6.

357 1974 383 2002 7.

743 179 1014 208 NECROLOGIUM
1032 179 1224 208 CANONIAE
1242 178 1292 207 AD
1310 179 1337 207 S.
1349 178 1603 207 HIPPOLYTUM.

652 268 705 301 Fr.
722 267 920 300 Benedictus
948 266 1019 310 pbr.
1041 269 1076 299 et
1102 277 1145 300 m.
1168 267 1200 299 iu
1224 266 1412 309 Tegernsee
1439 268 1474 299 et
1500 266 1556 299 cfr.
1573 277 1604 298 ιι.
1649 265 1849 298 Laurencius
1871 265 1943 299 dec.
1963 266 2006 300 de

654 319 691 352 S·
706 319 886 360 Dorothea,
909 319 981 361 pbr.
998 322 1032 351 et
1054 319 1111 351 cfr.
1127 330 1158 352 n.
1203 318 1257 351 Fr.
1273 317 1446 351 Udalricus
1469 328 1511 351 ex
1526 317 1740 351 Undenstorff
1758 317 1829 361 pbr.
1845 321 1879 351 et
1901 318 1958 351 cfr.
1974 329 2006 351 n.

653 371 812 399 Leonsrdus
835 370 870 398 de
888 370 1070 398 Undenstorff
1089 379 1131 398 cv.
1149 372 1180 398 et
1202 370 1251 398 cfr.
1265 378 1292 398 n.
1334 369 1377 397 Fr.
1394 369 1510 397 lodocus
1533 377 1576 397 cv.
1593 371 1623 398 et
1644 378 1681 398 m.
1699 369 1782 397 monii
1805 369 1828 397 εἰ
1845 368 1956 401 Quirini
1977 369 2007 397 in

652 414 812 449 Tegernnse
835 415 864 442 et
886 414 935 441 cfr.
947 423 975 441 n.
1011 414 1054 441 Fr.
1067 414 1192 442 Andreas
1215 413 1250 441 de
1269 413 1334 440 Palt
1351 412 1444 440 senior
1462 413 1497 441 de
1515 412 1674 446 Cbotwieo,
1696 413 1745 441 cfr.
1763 422 1791 441 ιι.
1827 413 1871 441 Fr.
1885 412 2007 441 Thomas

652 457 763 485 Krabat
780 467 817 486 m.
829 457 858 484 in
875 457 1086 490 Seittensteten,
1106 457 1168 492 pbr.
1180 458 1210 485 et
1228 457 1277 484 cfr.
1290 465 1317 484 n.

448 510 500 538 111.
513 518 578 538 non.
602 505 821 538 Eberbinus
848 516 900 538 cv.
921 509 962 538 et
990 505 1032 538 fr.
1049 506 1111 547 n.·)
1155 505 1364 538 Heinricus
1391 504 1470 548 pbr.
1491 507 1530 537 et
1558 515 1662 548 ppos.
1679 504 1744 547 n.¹)
1788 503 2007 548 [Hyrsman-

652 568 720 590 nus
742 558 775 599 1.,
805 558 951 591 oblatio
975 559 1022 590 60
1040 561 1061 593 ο)
1113 557 1394 590 Gundacharus
1416 556 1498 590 abb.
1514 556 1684 590 ecclesie
1706 555 2007 599 Mefflicensis'),

652 610 716 642 cfr.
733 621 762 642 n.
809 609 904 642 Otto
927 609 1005 652 pbr.
1023 609 1068 642 de
1092 609 1268 651 Secovia,
1298 609 1364 642 cfr.
1380 608 1426 652 n.]
1472 607 1601 641 Ulricus
1624 608 1665 641 de
1689 607 1727 641 S·
1746 608 1862 648 Oruce,
1885 608 1956 650 pbr.
1973 610 2009 641 et

651 662 708 694 cfr.
725 673 756 694 ιι.
801 661 941 694 Iacobus
963 661 1033 704 pbr.
1051 664 1084 694 et
1107 671 1177 694 can.
1194 661 1236 694 de
1251 660 1560 704 Herczogenburga,
1583 660 1641 693 cfr.
1657 671 1690 692 n.
1733 659 1918 692 Fridericus
1937 659 2007 702 pbr.

652 717 686 746 et
708 724 750 746 m.
767 714 799 745 in
823 710 1010 756 Systennb),
1041 713 1098 746 cfr.
1114 724 1145 746 n.
1189 712 1404 746 Leonbardus
1426 713 1496 755 pbr.
1518 715 1552 745 et
1574 722 1616 745 ιιι.
1638 712 1673 744 in
1695 711 2008 754 Ohremsmuenster,

652 765 708 797 cfr.
726 776 755 797 ιι.
801 764 952 798 Andreas
975 775 1039 797 sac.
1059 767 1094 798 et
1115 775 1158 797 m.
1179 764 1220 798 de
1244 764 1390 806 Secovia,
1419 764 1476 797 cfr.
1493 775 1523 796 n.
1569 769 1604 797 D.
1621 768 1791 796 wilhelmus
1814 767 1951 804 Gressing
1972 767 2009 796 de

652 817 746 844 Suben
765 816 826 851 pbr.
839 818 867 844 et
886 816 934 844 cfr.
948 825 974 844 ιι.
1010 815 1095 844 vitus
1113 816 1148 844 de
1161 815 1326 851 Wittignau
1345 816 1406 851 pbr.
1420 818 1450 844 et
1467 816 1516 843 cfr.
1530 824 1557 843 ιι.
1569 823 1595 843 a.
1610 815 1685 844 1521.

467 868 578 896 11.non.
602 864 795 897 Iohannes
822 864 868 897 de
890 864 1128 907 Neunburga
1150 864 1228 907 pbr.
1251 868 1289 897 et
1311 864 1376 897 cfr.
1394 875 1424 897 ιι.
1470 863 1683 907 Pilgrimus
1705 863 1915 906 Mercator,
1945 862 2007 896 ob-

650 917 755 949 latio
780 918 825 949 30
842 922 863 954 0>
909 916 1152 949 Hermannus
1179 916 1224 949 de
1247 916 1411 949 Secovia
1440 916 1518 959 pbr.
1542 919 1580 949 et
1608 915 1672 948 cfr.
1694 926 1725 948 n.
1772 914 2009 958 [Stephanus

651 968 730 1011 pbr.
755 968 800 1002 de
827 968 1010 1010 Medlico,
1041 968 1105 1000 cfr.
1128 966 1171 1011 n.]
1222 967 1395 1010 Philippus
1423 978 1487 1000 sac.
1514 970 1548 1000 et
1576 977 1620 1000 m.
1644 967 1677 1000 in
1705 966 2008 1010 Paungartenperg,

654 1020 710 1053 cfr.
733 1031 762 1052 n.
813 1020 1030 1053 Wolfhardus
1059 1019 1130 1063 pbr.
1155 1019 1196 1053 de
1228 1019 1524 1060 chremsmunster,
1557 1019 1614 1052 cfr.
1636 1030 1667 1052 n.
1719 1018 1774 1051 Fr.
1797 1018 1938 1051 Georius
1966 1017 2008 1050 de

654 1071 980 1105 Ohrembsmuenster
1001 1072 1073 1115 pbr.
1090 1075 1124 1104 et
1139 1072 1196 1104 cfr.
1212 1083 1243 1104 ιι.
1288 1071 1329 1104 D.
1346 1071 1547 1114 Pangracius
1562 1071 1639 1104 olim
1656 1071 1725 1103 dec.
1741 1071 1774 1103 in
1790 1070 1915 1112 Stencz,
1937 1068 2008 1112 pbr.

653 1128 686 1157 et
701 1125 757 1157 cfr.
771 1136 800 1157 n.
839 1130 873 1157 D.
884 1129 1054 1158 Valentinus
1070 1129 1147 1157 Dietl
1163 1129 1239 1164 pleb.
1255 1129 1286 1156 in
1301 1128 1445 1164 Capellen,
1469 1128 1530 1164 pbr.
1547 1129 1577 1155 et
1593 1128 1626 1156 fr.
1638 1137 1675 1161 n.‚
1693 1126 1770 1156 1509.
1809 1127 1854 1155 Fr.
1867 1127 2009 1155 Iohannes

654 1176 716 1203 Rab
735 1176 770 1204 de
790 1176 846 1204 Rar
865 1184 916 1207 cv..
935 1176 984 1204 cfr.
997 1185 1023 1203 n.

508 1237 576 1256 ιιοιι.
600 1223 753 1257 Ulricus
783 1235 834 1257 cv,
859 1224 904 1257 de
933 1223 1110 1264 Secovia,
1143 1223 1209 1256 cfr.
1232 1234 1262 1255 n.
1314 1222 1545 1266 [Stephanus
1573 1222 1619 1255 de
1649 1221 1691 1254 S·
1714 1221 1836 1255 Cruce
1865 1220 1945 1264 pbr.
1969 1224 2010 1254 et

654 1275 719 1308 cfr.
741 1287 771 1308 n.
817 1276 1011 1308 Iohannes
1035 1275 1188 1308 Swevus
1211 1285 1286 1307 sac.
1310 1278 1348 1307 et
1374 1285 1416 1307 m.
1438 1275 1475 1307 in
1499 1275 1643 1317 Campo
1666 1274 1851 1316 liliorum,
1882 1273 1947 1306 cfr.
1963 1271 2009 1317 n.]

654 1328 814 1360 Martinus
842 1327 947 1360 dictus
969 1327 1102 1360 Sbechk
1129 1337 1222 1370 ppos.
1242 1328 1276 1360 in
1297 1327 1515 1370 Hercoburga
1524 1327 1565 1369 ⁸),
1595 1326 1666 1369 pbr.
1687 1329 1721 1359 et
1743 1325 1800 1359 cfr.
1815 1337 1846 1359 n.
1892 1325 2009 1359 Helm-

653 1379 774 1412 hardus
789 1380 899 1412 Moser
918 1380 959 1412 de
977 1379 1259 1413 chremsmunster
1273 1379 1344 1422 pbr.
1360 1382 1394 1412 et
1408 1389 1463 1421 m.‚
1487 1379 1544 1411 cfr.
1560 1389 1590 1412 n.
1628 1378 1827 1411 Benedictus
1842 1377 2010 1410 Hewssler

653 1442 696 1464 m.
717 1431 759 1464 de
782 1431 927 1473 Mellico,
959 1431 1029 1474 pbr.
1051 1435 1085 1464 et
1107 1432 1164 1465 cfr.
1181 1443 1212 1464 n.
1257 1431 1299 1464 D.
1315 1431 1478 1463 Iohannes
1499 1430 1632 1473 Lueger
1660 1430 1702 1463 de
1724 1430 1860 1472 Wienn,
1887 1429 1959 1472 pbr.
1976 1431 2011 1462 et

655 1484 692 1516 fr.
709 1495 751 1524 n.‚
777 1483 810 1515 in
833 1493 862 1515 a.
879 1483 910 1515 d.
931 1486 1022 1516 1434.
1069 1483 1232 1516 Steffanus
1255 1482 1368 1516 Sartor
1389 1494 1420 1526 p.
1437 1483 1553 1525 ipsius,
1582 1482 1638 1516 cfr.
1656 1493 1686 1516 n.
1732 1481 1774 1514 D.
1788 1481 1945 1525 Virgilius
1967 1481 2010 1514 de

654 1535 934 1578 Herzogenburga
957 1538 990 1568 et
1012 1535 1069 1567 cfr.
1086 1546 1117 1567 n.
1155 1534 1327 1567 Oswaldus
1341 1534 1468 1567 Haberl
1491 1534 1532 1567 de
1549 1533 1587 1567 8⁰
1601 1533 1738 1567 Nieolao
1754 1533 1810 1566 cfr.
1826 1544 1858 1566 ιι.
1895 1538 1928 1566 D.
1943 1537 2009 1566 Cor-

655 1586 787 1614 binianus
807 1596 841 1615 m.
855 1588 885 1614 et
903 1587 964 1622 pbr.
977 1586 1048 1621 prof.
1061 1586 1090 1614 in
1110 1587 1260 1622 Tegensee,
1280 1587 1328 1614 cfr.
1342 1595 1370 1615 ιι.

425 1639 553 1667 V111.id.
604 1635 798 1667 Ekkolfus
827 1645 905 1667 can.
929 1635 1098 1668 ecclesie
1127 1635 1156 1667 s¹
1178 1635 1366 1676 Floriani,
1397 1634 1461 1667 cfr.
1486 1634 1544 1675 n.⁰)
1598 1633 1639 1666 D.
1662 1633 1876 1666 Leonhardus
1906 1633 2010 1666 dictus

655 1687 771 1719 Schaw
794 1687 835 1719 de
859 1686 1045 1730 Newburga
1067 1687 1139 1730 pbr.
1157 1690 1191 1720 et
1214 1687 1270 1719 cfr.
1287 1698 1318 1719 n.
1364 1686 1538 1719 Hainricus
1561 1685 1603 1718 de
1627 1686 1752 1728 Campo
1774 1685 1916 1718 liliorum
1937 1685 2008 1728 pbr.

656 1743 690 1771 et
712 1739 768 1771 cfr.
785 1750 815 1771 n.
838 1738 902 1784 .D·
919 1738 1082 1781 Georgius
1104 1738 1134 1770 n¹
1156 1738 1250 1771 monss
1272 1738 1410 1781 ppos.⁴),
1438 1737 1507 1780 pbr.
1530 1740 1563 1770 et
1585 1737 1623 1770 fr.
1641 1748 1686 1778 n.‚
1719 1739 1812 1769 1474.
1858 1741 1904 1768 Fr.
1920 1741 2008 1769 Bene-

655 1790 748 1818 dictus
767 1799 802 1817 m.
816 1790 1068 1825 AltenwurgensiS,
1091 1790 1152 1825 pbr.
1171 1792 1200 1818 et
1218 1790 1267 1817 cfr.
1282 1799 1308 1817 n.
1345 1789 1376 1816 D.
1390 1788 1564 1823 Augustinus
1576 1788 1700 1823 Wenger
1718 1788 1752 1816 de
1771 1788 1804 1815 8⁰
1815 1787 1929 1815 Andrea
1946 1787 2008 1823 pbr.

655 1837 685 1862 et
697 1835 746 1862 cfr.
756 1844 782 1862 n.
809 1834 842 1861 D.
853 1834 959 1868 Caspar
967 1833 1194 1868 Schawnperger
1206 1833 1265 1860 dec.
1275 1832 1358 1860 monii
1370 1832 1392 1859 s¹
1403 1832 1515 1859 Nicolai
1529 1833 1609 1859 extra
1620 1840 1713 1859 muros
1723 1831 1850 1863 Patavie,
1863 1831 1912 1859 cfr.
1922 1831 2007 1865 (n.).·¹)

657 1878 688 1904 D.
702 1877 899 1912 Wolffgangus
918 1877 1007 1904 Posch
1027 1885 1088 1904 can.
1101 1876 1214 1908 ibidem,
1233 1876 1281 1903 cfr.
1294 1885 1321 1904 ιι.
1357 1876 1389 1903 D.
1403 1875 1540 1903 Martinus
1557 1874 1697 1902 Renhofer
1714 1883 1794 1910 ppos.
1806 1874 1834 1902 ni
1849 1874 1940 1908 monii,
1957 1874 2008 1909 qui

656 1920 787 1956 regnavit
804 1921 838 1947 45
858 1920 1056 1952 hebdomadas,
1075 1928 1100 1947 a.
1115 1919 1183 1947 1539
1201 1921 1232 1947 et
1249 1919 1281 1946 fr.
1295 1928 1322 1946 n.
1337 1921 1367 1946 et
1385 1918 1437 1946 alii
1454 1918 1550 1945 fideles
1567 1917 1611 1945 ob.

443 1973 502 2001 v11.
516 1973 554 2001 id.
604 1968 825 2011 Ebergerus
851 1968 955 2000 fam¹·
977 1979 1007 2000 ιι.
1059 1967 1165 2011 [Otto
1193 1967 1239 2000 de
1262 1967 1418 2000 Pernek
1445 1966 1523 2008 pbr.
1545 1969 1583 1999 et
1610 1965 1689 1998 dec.
1710 1965 1876 1998 ecclesie
1897 1964 2009 1998 Seco-

658 2021 818 2062 biensis,
849 2020 914 2052 cfr.
934 2019 978 2063 n.]
1023 2020 1142 2052 Petrus
1169 2019 1210 2052 de
1233 2020 1272 2052 S·
1290 2019 1395 2052 Oruce
1418 2018 1489 2061 pbr.
1510 2021 1543 2050 et
1566 2018 1622 2051 cfr.
1639 2028 1670 2050 n.
1715 2017 1834 2050 Petrus
1857 2017 1898 2050 de
1921 2017 2008 2050 Her-

657 2072 927 2115 czongenbuerga
948 2072 1019 2114 pbr.
1036 2075 1070 2104 et
1089 2072 1146 2104 cfr.
1162 2083 1192 2104 n.
1238 2071 1279 2104 D.
1292 2071 1493 2112 Walthasar,
1517 2070 1547 2102 d.
1565 2069 1765 2110 christanus,
1789 2069 1819 2101 d.
1836 2069 2009 2112 Iohannes,

657 2125 687 2156 d.
704 2124 832 2165 Petrus,
854 2125 885 2156 d.
898 2124 1004 2165 Vitus,
1028 2124 1059 2156 d.
1076 2123 1226 2165 Georius,
1249 2123 1280 2156 d.
1294 2123 1522 2165 wolfgangus,
1546 2121 1576 2154 d.
1592 2121 1732 2154 Iacobus
1747 2121 1788 2154 de
1805 2120 1964 2163 Sopronio
1971 2121 2009 2164 ⁶),

656 2177 726 2219 pbr¹
749 2180 783 2209 et
805 2176 878 2208 υἷι-θ’
900 2176 939 2208 ιιί.
984 2176 1025 2208 D.
1041 2176 1214 2217 Iohannes,
1241 2175 1272 2207 d.
1288 2174 1438 2214 Iacobus,
1465 2174 1495 2206 d.
1512 2173 1672 2214 Andreas,
1700 2173 1732 2205 d.
1747 2172 1896 2206 Andreas
1918 2172 2004 2215 pleb.

656 2229 688 2261 in
711 2229 898 2271 Newpernt,
922 2228 991 2270 pbr*
1013 2231 1047 2260 et
1069 2227 1142 2260 ofre-
1164 2227 1203 2260 n¹.
1250 2226 1374 2269 Gaspar
1388 2225 1662 2266 Grassendarffer,
1684 2225 1847 2258 Iohannes
1861 2224 2006 2267 Stengel,

657 2281 806 2313 Andreas
829 2280 1066 2322 Osterreicher,
1096 2279 1169 2312 cfr⁶¹³
1191 2279 1232 2311 n‘.
1280 2279 1327 2311 D·
1341 2278 1490 2311 Elizabet
1516 2277 1547 2310 d¹
1570 2277 1699 2310 ottonis
1726 2277 1768 2309 de
1791 2276 2010 2320 Stuembperg

658 2332 821 2375 quondam
844 2343 913 2373 ux.,
943 2331 1092 2364 Elizabet
1114 2331 1298 2371 Haffnerin,
1327 2335 1467 2363 consor⁹¹
1489 2335 1534 2362 n‘.
1579 2329 1740 2361 Antonius
1761 2328 1946 2361 Hofstetter
1968 2328 2010 2362 de

659 2384 873 2416 Undenstarff
896 2383 967 2426 pbr.
991 2386 1024 2415 et
1049 2383 1106 2415 cfr.
1127 2394 1157 2414 ιι.
1208 2382 1249 2414 D.
1267 2382 1361 2414 Vitus
1386 2392 1479 2424 ppos.
1503 2381 1545 2413 de
1567 2381 1666 2413 Ulma
1676 2381 1717 2424 ⁵),
1746 2380 1816 2422 pbr.
1840 2383 1874 2412 et
1900 2380 1956 2413 cfr.
1977 2391 2008 2414 n.

658 2435 690 2462 D.
703 2435 882 2462 Eberhardus
900 2434 1062 2461 Mairhoffer
1083 2434 1175 2462 senior
1196 2434 1231 2462 de
1249 2433 1282 2461 S⁰
1300 2434 1408 2462 Zenone
1426 2433 1487 2468 pbr.
1501 2434 1530 2461 et
1549 2433 1597 2460 cfr.
1610 2442 1636 2459 ιι.
1673 2432 1705 2459 D.
1719 2432 1877 2466 Ruepertus
1895 2431 1956 2466 pbr.
1973 2432 2010 2459 ad

659 2478 714 2505 S⁸¹¹¹
733 2478 904 2505 Dorotheum
918 2477 1014 2510 Viene,
1034 2477 1082 2505 cfr.
1095 2486 1121 2504 ιι.

451 2603 476 2637 a)
495 2604 628 2637 Seqwuie
640 2604 751 2629 nominis
763 2609 826 2629 nota
837 2603 999 2637 necroloqica
1011 2603 1096 2629 colore
1108 2603 1187 2628 rubro
1199 2603 1304 2635 scripta.
1393 2601 1418 2635 b)
1437 2602 1551 2635 Gon-iq..-
1568 2602 1758 2628 Seitenstetten.
1846 2600 1870 2633 ⁰)
1889 2600 2010 2634 Sequanam·

348 2649 418 2674 locus
437 2656 514 2673 rasus
531 2648 698 2680 complectens
715 2656 796 2689 ιιηαιιι
815 2648 918 2673 lineam.
1024 2644 1050 2678 d)
1067 2655 1093 2671 n.
1110 2646 1235 2679 supplevi.
1341 2645 1364 2678 e)
1383 2645 1470 2675 Lectio
1488 2645 1595 2671 incerta.

454 2733 475 2766 ι)
494 2733 640 2760 Heinrv'cus
658 2733 698 2759 11.
714 2740 734 2759 e.
752 2741 778 2759 α.
791 2735 857 2759 1252
875 2732 982 2764 electus,
1004 2730 1044 2757 ob.
1057 2739 1083 2757 α.
1100 2733 1125 2757 et
1144 2730 1186 2757 die
1203 2730 1312 2757 inem-to.
1424 2730 1445 2763 ²)
1466 2729 1653 2757 szacam
1670 2738 1689 2756 α
1707 2729 1819 2765 Berqau
1836 2731 2009 2757 1334-1340.

351 2776 371 2809 ³)
394 2775 535 2802 Martinus
556 2775 599 2803 ΙΙ.
618 2778 792 2803 1399—1402.
902 2776 923 2808 ⁴)
950 2774 1084 2808 Georqius
1109 2774 1132 2800 1.
1154 2773 1273 2800 Heusler
1299 2776 1473 2800 1466—1474.
1579 2774 1601 2806 ⁸)
1627 2772 1706 2800 Vitas
1734 2773 1822 2800 Toescl
1841 2780 2008 2807 mammon.

348 2826 369 2845 s.
383 2818 524 2845 Michaelis
541 2819 572 2845 in
591 2818 675 2852 Wenq
693 2818 771 2852 apud
794 2818 851 2845 Ulm
870 2820 1045 2845 1489—1497.
