2150 3178
265 186 373 214 LIBER
392 184 636 213 OBLATIONUM
654 184 701 211 ET
719 183 966 211 ANNIVERSAR.
979 183 1206 210 MONASTERII
1224 183 1374 211 SGOTOR..
1388 183 1694 211 VINDOBONENSIS.
1747 187 1809 217 317

254 273 338 305 Item
355 272 487 314 quidam
504 273 562 303 civ.
577 272 705 304 nomine
722 270 846 303 Steffan
858 269 973 302 Glaser
989 270 1080 301 dedit
1096 280 1193 301 ovum
1209 271 1377 302 strueionis
1394 274 1427 303 et
1443 271 1530 303 idem
1546 281 1684 303 unacum
1700 271 1811 303 Niclas

151 325 278 367 Purger
300 325 447 356 fecerunt
469 324 586 355 vitrum
609 324 642 354 in
664 322 772 362 choro,
795 322 850 354 ubi
872 321 961 353 idem
984 332 1056 353 oum
1080 321 1216 363 coniuge
1241 322 1388 364 depictus
1411 326 1444 354 et
1467 323 1644 365 descriptus
1669 326 1726 354 est.

255 376 338 408 Item
362 376 478 407 vitrum
486 375 514 418 ⁸)
537 385 647 407 versus
666 373 926 406 Pischendorffer
949 373 1112 405 solverunt
1127 373 1237 404 Niclas
1253 374 1378 416 Purger
1391 374 1427 416 ¹),
1451 374 1481 406 d.
1498 374 1660 406 Iohannes
1677 374 1809 417 Oppen—

151 428 265 471 beyler
287 431 320 460 et
342 438 427 469 mag.
448 426 571 468 Caspar
594 427 706 468 pictor,
731 436 867 467 quorum
891 425 1025 467 quilibet
1048 424 1148 456 habet
1171 436 1263 456 suum
1287 426 1446 467 signetum
1471 426 1601 457 ibidem.

120 491 132 510 a
253 479 338 511 Item
361 478 490 511 Oonrad
511 477 765 510 Mottenhawser
787 477 908 518 misitb)
932 476 1002 508 fieri
1025 477 1141 508 vitrum
1164 486 1275 508 versus
1299 477 1505 509 refectorium
1535 478 1567 508 in
1591 477 1714 508 ambitu
1738 488 1811 509 cum

152 542 210 563 suo
234 532 324 573 signo
349 533 381 562 et
403 531 533 562 nomine
557 530 686 571 scripto.
1398 527 1400 529 '

255 583 338 614 Item
362 581 493 624 quidam
517 581 655 623 pileator
677 581 805 612 nomine
830 579 952 612 Steffan
976 579 1173 621 Sorgenfrey
1197 579 1283 611 misit
1305 579 1374 611 fieri
1398 580 1512 611 vitrum
1537 581 1570 611 in
1593 580 1716 612 ambitu
1739 591 1811 612 cum

153 634 300 676 angelica
323 633 521 665 salutacione
546 636 579 664 et
601 633 692 674 signo
716 642 783 663 suo.

255 685 340 717 Item
368 684 499 727 quidam
529 685 587 715 civ.
610 684 739 714 nomine
764 682 864 724 Veytt
890 682 1077 724 Hinperger
1087 682 1114 724 ²)
1144 683 1232 714 misit
1261 683 1379 714 vitrum
1409 682 1478 714 fieri
1510 694 1581 714 oum
1609 683 1812 725 ymaginibus

111 749 134 768 ιο
153 737 247 768 trium
271 747 385 778 regum
408 735 528 767 ibidem
553 739 586 766 et
609 745 682 766 eum
706 735 832 776 signeto
856 744 924 775 suo,
948 734 1005 765 sed
1029 745 1113 765 mon.
1134 734 1228 766 solvit
1251 734 1391 766 mediam
1415 737 1551 775 partem.

255 788 339 819 Item
357 788 470 819 Hanns
487 786 772 828 Scharffenberger
783 785 821 827 ³),
845 786 903 816 civ.
920 785 1061 827 Wienn„
1084 786 1248 818 dealbavit
1271 786 1403 817 chorum
1427 787 1646 828 apostolorum
1670 790 1704 818 et
1726 787 1813 818 misit

151 840 221 872 fieri
243 840 358 871 vitrum
382 839 502 871 ibidem
525 849 598 870 cum
622 838 727 879 clipeo
751 848 807 868 suo
833 840 866 868 et
889 836 1053 868 dealbavit
1076 837 1235 879 capellam
1258 837 1280 868 si
1297 838 1428 879 Ieorgii,
1451 837 1506 869 ubi
1528 838 1673 880 sepultus
1697 841 1755 879 est,
1780 842 1813 870 et

152 891 242 923 dedit
257 894 322 923 tres
336 892 503 932 ymagines
516 889 670 921 videlicet
684 889 714 920 b.
723 889 876 930 Virginis,
891 889 1074 930 ymaginem
1092 889 1114 920 si
1127 889 1247 930 Ieorgii
1265 892 1297 920 et
1313 889 1335 920 si
1349 890 1462 921 Karoli
1479 893 1511 921 et
1527 890 1658 921 domum
1675 891 1707 921 in
1724 891 1812 921 ouria

151 948 188 974 11¹·
211 936 400 975 reformavit
423 946 456 974 et
478 941 561 973 fodit
583 941 705 973 fontem
728 941 761 972 in
784 941 872 972 curia
895 945 931 971 n*
954 943 1028 971 ante
1053 940 1184 972 domum
1208 943 1241 972 et
1263 941 1340 972 fecit
1362 942 1478 972 vitrum
1502 941 1543 972 ad
1561 941 1620 973 Sum
1637 942 1812 984 Ieorgium.

110 1006 134 1025 ιε,
256 994 340 1026 Item
364 994 495 1036 quidam
519 993 577 1025 civ.
594 993 722 1024 nomine
747 991 901 1023 Albertus
924 991 1128 1023 Hofkircher
1151 992 1241 1024 dedit
1264 1003 1353 1024 zwen
1376 993 1498 1034 seyden
1520 994 1671 1034 poelster.

256 1046 341 1077 Item
364 1045 510 1077 Barbara
533 1045 647 1086 Zingin
671 1043 762 1076 dedit
786 1043 866 1075 duas
889 1053 1009 1085 cappas
1033 1054 1090 1085 pro
1115 1044 1336 1085 corporalibus
1358 1045 1390 1075 in
1414 1044 1523 1076 valore
1548 1047 1566 1075 2
1582 1045 1785 1076 florenorum.

257 1098 340 1129 Item
364 1096 654 1129 schuesterknecht
677 1095 836 1127 dederunt
862 1098 898 1126 15
913 1100 943 1125 41).
955 1099 980 1132 ᾧ.
1004 1095 1046 1126 ad
1069 1094 1214 1126 tabulam
1238 1096 1354 1127 summi
1377 1096 1496 1127 altaris.

257 1149 340 1180 Item
364 1149 482 1181 Erhart
504 1147 767 1180 Pisehendarffer
789 1147 876 1178 misit
898 1147 968 1178 fieri
991 1147 1107 1178 vitrum
1131 1148 1197 1178 sine
1222 1147 1424 1189 ymaginibus
1445 1148 1485 1179 a'd
1511 1147 1570 1179 Sum
1587 1148 1761 1190 Ieorgium.

256 1201 341 1232 Item
364 1211 449 1242 mag.
466 1201 583 1232 Petrus
606 1199 844 1231 Bachmuelner
857 1199 884 1240 4)
908 1198 998 1230 dedit
1023 1199 1188 1231 decretum
1214 1210 1271 1240 pro
1295 1199 1439 1231 remedio
1462 1200 1568 1230 anime
1593 1210 1659 1231 sue.

109 1262 136 1283 πο
258 1252 341 1284 Item
365 1263 449 1295 mag.
466 1252 620 1284 Nicolaus
643 1251 684 1283 de
700 1251 807 1284 Aulen
831 1250 920 1282 dedit
939 1253 958 1282 5
974 1251 1114 1282 florenos
1131 1262 1172 1282 ex
1189 1254 1383 1282 testamento
1399 1252 1492 1282 unius
1508 1251 1641 1283 alterius
1656 1261 1814 1293 personae

153 1304 195 1336 ad
219 1307 421 1336 structuram.

257 1356 342 1388 Item
365 1355 504 1398 quedam
529 1355 565 1387 d*
587 1355 715 1387 nomine
739 1355 834 1386 Anna
857 1365 918 1386 sor.
939 1354 1024 1385 illius
1048 1353 1229 1386 Griesserin
1253 1354 1343 1386 dedit
1366 1354 1458 1385 nobis
1483 1357 1500 1385 5
1515 1359 1544 1385 a.
1563 1358 1584 1391 ᾧ.

257 1408 341 1440 Item
367 1407 499 1450 quidam
528 1418 592 1439 sac.
610 1407 640 1438 d.
659 1406 811 1438 Nicolaus
834 1406 981 1438 Noesner
993 1407 1030 1448 ⁵),
1061 1406 1136 1438 olim
1160 1406 1246 1448 pleb.
1264 1407 1297 1437 in
1319 1406 1492 1448 Hospitafi,
1521 1405 1611 1437 dedit
1634 1409 1651 1437 5
1675 1406 1815 1437 florenos

153 1461 187 1492 in
210 1470 298 1492 auro.
1489 1468 1492 1471 ’

112 1523 136 1543 2⁵
258 1512 342 1543 Item
366 1511 505 1553 quedam
524 1511 661 1543 honesta
678 1511 713 1542 d²
730 1511 858 1543 nomine
874 1510 1019 1542 Barbara
1034 1510 1206 1542 Ienckerin
1223 1510 1313 1542 dedit
1329 1509 1427 1542 moni⁰
1445 1511 1485 1541 42
1499 1514 1528 1540 ‘ui
1542 1514 1564 1545 ὁ.
1582 1513 1614 1541 et
1631 1511 1649 1541 6
1665 1510 1814 1542 florenos.

258 1563 341 1595 Item
369 1564 484 1595 vitrum
513 1563 555 1595 ad
577 1563 742 1605 apostolos
766 1573 835 1594 cum
861 1563 1008 1604 angelica
1031 1563 1229 1594 salutacione
1253 1563 1340 1593 misit
1361 1562 1431 1594 fieri
1456 1561 1587 1603 quidam
1611 1562 1670 1594 civ.
1687 1562 1815 1593 nomine

157 1615 298 1648 Michael
320 1615 556 1647 Manestorffer.
711 1611 713 1613 ’

258 1667 342 1699 Item
367 1666 506 1708 quedam
531 1667 666 1698 honesta
690 1666 726 1698 d¹¹
748 1666 877 1698 nomine
902 1665 1048 1697 Barbara
1068 1665 1251 1697 Iencklerin
1276 1665 1366 1697 dedit
1394 1668 1429 1697 10
1445 1666 1584 1697 florenos
1608 1665 1649 1696 ad
1673 1665 1815 1696 tabulam

156 1720 272 1750 summi
295 1719 414 1750 altaris.

111 1781 138 1802 ³0
258 1771 343 1802 Item
367 1770 498 1812 quidam
522 1781 586 1802 sac.
608 1770 698 1803 dedit
720 1769 820 1802 11]οηἰο
848 1772 884 1802 10
900 1774 930 1800 υ.
947 1774 987 1810 ιλ,
1015 1779 1095 1811 quas
1118 1769 1315 1811 presentavit
1338 1769 1368 1802 d.
1385 1768 1526 1800 Michael
1549 1768 1720 1809 Harrazer,
1745 1779 1815 1810 cap.

154 1823 187 1854 in
211 1823 313 1864 cripta
335 1822 366 1854 b.
384 1822 550 1864 Stephani.

256 1874 340 1905 Item
365 1874 495 1916 quidam
519 1874 579 1905 civ.
596 1874 725 1906 nomine
749 1873 848 1905 Iacob
873 1873 1038 1914 Oingisser
1061 1875 1198 1904 testatus
1221 1875 1271 1904 est
1293 1871 1392 1903 moni⁰
1417 1874 1498 1903 14a.
1516 1876 1538 1908 ᾧ.

257 1926 340 1957 Item
366 1925 504 1967 quedam
527 1925 663 1957 honesta
687 1925 723 1956 d·
745 1925 874 1956 nomine
898 1924 1044 1956 Barbara
1060 1924 1237 1965 Wirsingin
1262 1926 1381 1955 testata
1405 1926 1454 1955 est
1476 1923 1576 1955 mon¹⁰
1599 1926 1639 1955 50
1652 1928 1719 1960 tta.

257 1977 340 2009 Item
365 1978 505 2008 sororius
528 1977 577 2008 fri*
601 1976 758 2008 Friderici
782 1976 873 2008 dedit
894 1976 987 2008 nobis
1010 1976 1136 2007 bovem.

111 2041 137 2062 ³5
259 2028 343 2060 Item
370 2028 456 2070 Veyt
477 2028 687 2070 Hindperger
710 2029 788 2060 feeit
810 2028 927 2060 vitrum
950 2028 982 2059 in
1006 2027 1118 2059 abside
1143 2026 1361 2069 apostolorum
1386 2037 1457 2058 cum
1481 2037 1538 2058 suo
1563 2027 1688 2068 clypeo.

259 2080 342 2112 Item
356 2079 466 2111 Nicias
479 2080 604 2122 Purger
620 2080 706 2111 misit
721 2080 789 2112 fieri
806 2080 934 2119 vitrum,
950 2079 1004 2111 ubi
1022 2079 1162 2111 scolares
1178 2082 1304 2119 canunt7
1322 2089 1393 2110 cum
1409 2078 1611 2120 ymaginibus
1627 2077 1815 2120 Gregorioc)

156 2135 190 2164 et
212 2131 391 2164 Benedicta
400 2131 428 2173 d)
453 2135 486 2163 et
509 2131 604 2163 solvit
627 2132 766 2173 capitale
790 2131 814 2162 si
830 2131 980 2173 Gregorii
1001 2132 1033 2162 in
1055 2131 1199 2162 inferiori
1223 2130 1331 2162 choro.

259 2184 343 2215 Item
367 2184 453 2214 misit
477 2184 602 2225 erigere
626 2184 678 2215 vel
702 2186 890 2215 construere
914 2183 1016 2214 altare
1040 2182 1064 2213 si
1080 2181 1230 2224 Gregorii
1254 2185 1287 2213 et
1310 2182 1475 2214 decorare.

259 2235 343 2266 Item
367 2234 499 2276 quidam
523 2235 582 2266 civ.
599 2235 728 2266 nomine
745 2234 866 2266 Wisint
888 2234 984 2266 solvit
1008 2234 1146 2276 capitale
1171 2244 1242 2266 cum
1267 2244 1360 2265 eruce
1384 2235 1416 2265 in
1440 2234 1538 2265 choro
1561 2233 1714 2264 inferiori.

113 2300 139 2319 ιο
262 2286 347 2318 Item
371 2286 491 2318 Conrat
513 2286 743 2329 Regespurger
766 2286 857 2318 dedit
882 2289 892 2318 1
912 2291 942 2317 a.
960 2290 980 2323 ο),
1007 2286 1048 2318 ad
1072 2285 1287 2328 supplendum
1310 2286 1341 2316 in
1365 2285 1477 2316 abside
1501 2284 1732 2326 apostolorum.

261 2337 345 2369 Item
378 2338 509 2379 quidam
538 2338 668 2370 nomine
690 2338 812 2370 Rieder
842 2337 932 2370 dedit
955 2348 1096 2380 pannum
1124 2338 1306 2379 preciosum
1335 2337 1446 2368 subtus
1474 2336 1652 2378 corporale,
1682 2339 1715 2367 et
1742 2339 1817 2367 tune

158 2392 267 2420 custos
289 2388 331 2421 ad
355 2389 416 2421 Sum
433 2389 643 2432 Stephanum.

261 2441 346 2473 Item
369 2442 487 2473 vitrum
509 2443 540 2473 in
564 2442 698 2474 basilica
721 2442 885 2473 solverunt
909 2441 1030 2473 Conrat
1052 2440 1306 2472 Mottenhawser
1329 2444 1362 2471 et
1384 2440 1500 2471 Petrus
1524 2439 1692 2471 Hentaler.

260 2492 343 2525 Item
368 2493 479 2535 Agnes
502 2492 653 2536 Sturmyn
677 2496 795 2525 testata
819 2497 869 2525 est
890 2493 983 2524 nobis
1007 2495 1025 2525 6
1039 2497 1069 2523 a.
1084 2497 1119 2532 0).‚
1143 2495 1178 2523 ut
1201 2502 1329 2524 oremus
1351 2502 1409 2533 pro
1434 2502 1483 2523 ea.

112 2621 139 2640 45
262 2609 286 2642 ⁸)
306 2610 427 2642 Sequitur
445 2611 554 2636 deletum
573 2611 614 2636 ad.
692 2609 718 2643 b)
739 2610 783 2636 Sic
796 2611 876 2636 codem
888 2611 928 2636 hic
941 2615 964 2636 et
976 2610 1092 2635 ulterius.
1171 2610 1193 2641 e)
1215 2608 1302 2634 Gerr„-
1320 2609 1446 2641 Gregorii.
1526 2607 1550 2640 d)
1571 2607 1658 2633 Corn.-
1676 2608 1816 2633 Benedicti.

264 2681 284 2715 ¹)
305 2681 357 2708 Civ.
374 2681 597 2715 Vindobonensis,
615 2682 694 2708 cuius
712 2682 743 2708 in
760 2681 951 2716 diplomatibus
969 2682 1053 2708 armis
1065 2684 1236 2708 1428-1457
1250 2681 1359 2714 saepius
1376 2680 1472 2706 mentio
1489 2679 1528 2712 fit.
1627 2681 1647 2712 ²)
1667 2679 1720 2706 Veit
1733 2679 1816 2706 Hiat-

152 2733 244 2759 μησεν
261 2733 287 2751 a.
301 2728 368 2752 1449
385 2724 503 2759 diploma
519 2725 652 2758 siqillavit.
759 2727 779 2759 ³)
798 2725 892 2752 Etiam
911 2734 982 2759 may.
992 2725 1096 2756 civium,
1114 2724 1196 2750 armis
1215 2727 1374 2750 1421—1455
1391 2722 1538 2756 diplomata
1555 2723 1664 2755 saepias
1681 2723 1814 2757 sigillavit.

157 2769 178 2801 6)
197 2768 274 2803 May.
288 2768 357 2795 iuris
375 2769 446 2802 cani,
464 2768 547 2794 armis
560 2771 723 2795 1437—1448
741 2769 848 2802 saepias
865 2768 1011 2802 diplomata
1024 2767 1159 2802 sigillavit.
1247 2767 1269 2801 ⁸)
1291 2766 1356 2800 Cap.
1369 2766 1466 2792 altaris
1478 2774 1498 2792 s.
1508 2766 1608 2792 Annae
1618 2765 1656 2792 ad
1668 2765 1694 2792 S.
1707 2765 1816 2799 Stepha-

155 2818 223 2837 num
241 2810 422 2844 Vindobonae,
440 2811 520 2838 cuius
537 2819 563 2838 a.
575 2814 640 2838 1436
658 2812 755 2838 mentio
771 2812 809 2845 fit.
