2150 3178
314 179 469 208 NEGROL.
481 179 659 208 FRATRUM
676 179 855 207 MINORUM
872 178 1163 206 OBSERVANTIUM
1182 179 1410 207 PROVINCIAE
1427 180 1666 208 AUSTRIAOAE.
1756 185 1817 214 155

161 266 357 294 miraculosam
376 266 472 294 decem
490 266 596 293 dierum
615 265 816 294 abstinentiam
834 265 871 292 ab
890 264 966 292 omni
984 264 1119 292 alimento
1138 265 1234 299 (etiam
1253 265 1282 292 in
1302 267 1429 293 extrema
1446 275 1497 293 sua
1509 266 1682 300 infirmitate)
1695 266 1725 294 in
1737 267 1818 295 suavi

163 309 286 337 crucifixi
304 309 436 344 amplexu
454 309 630 344 pientissima
648 309 678 336 in
696 309 807 336 domiuo
825 308 862 336 ob
874 307 999 335 Viennae
1018 308 1055 335 ad
1067 307 1112 335 S⁰⁸
1125 308 1320 336 Theobaldum
1339 311 1369 336 et
1382 309 1584 337 Bernardinum
1602 318 1627 336 a.
1639 310 1715 337 1494.
1751 310 1818 338 Eius

162 352 324 380 memoriam
341 351 404 388 agit
421 352 654 387 martyrologium
673 351 777 379 ordinis
795 351 841 379 die
860 351 901 379 13.
915 351 1052 378 Octobris.

264 395 355 423 Venus
367 403 395 430 p.
406 395 597 430 Archangelus
609 395 643 422 de
653 396 777 430 Aspaug,
795 394 872 422 vitae
884 393 1052 426 innocentia,
1066 394 1244 429 paupertatis
1257 394 1360 426 studio',
1376 394 1511 422 orationis
1525 395 1684 429 frequentia
1697 396 1818 424 maxime

161 438 336 474 conspicuus.
376 438 456 465 Hunc
477 437 631 472 aliquando
653 438 682 465 in
705 440 844 466 conventu
863 437 1050 471 Paradysiaco
1074 436 1195 465 orationi
1218 439 1367 464 vacantem
1386 437 1504 465 daemon
1522 438 1574 465 sub
1593 438 1687 473 specie
1705 440 1769 473 equi
1788 440 1817 467 in

162 482 254 517 ipsum
275 481 448 517 prosilientis
471 481 507 509 ab
530 481 655 509 oratione
679 481 817 508 deterrere
838 483 868 508 et
889 480 1026 515 impedire
1049 482 1166 507 conatus
1184 482 1239 512 est,
1267 482 1313 507 ast
1330 481 1458 507 elevatus
1477 481 1506 507 in
1525 481 1608 508 deum
1625 484 1719 510 mente
1738 484 1816 510 astus

161 524 279 560 maligni
296 524 446 552 tentatoris
465 524 576 559 egregie
595 523 687 551 elusit.
723 524 828 551 Probus
846 523 893 550 hic
912 523 987 550 omni
1005 522 1115 550 enitens
1133 522 1238 550 virtute
1257 531 1312 550 sac.
1326 532 1378 550 nec
1397 523 1526 551 carnibus
1538 533 1589 552 nec
1601 524 1726 559 piscibus
1739 525 1814 553 vesci

120 567 124 570 “
161 568 260 596 solitus
277 569 409 602 suscepta
426 568 461 594 ad
481 567 712 595 Portiunculanas
731 566 812 594 aedes
830 566 879 601 pia
897 565 1123 601 peregrinatione
1140 565 1281 593 Camerini
1300 567 1424 593 mortuus
1443 568 1487 594 est
1504 575 1529 594 a.
1544 568 1619 601 1496,
1638 567 1667 594 in
1687 568 1748 595 vita
1766 577 1817 596 nec

119 661 144 681 10

118 878 143 897 15

117 1092 143 1111 2⁰

117 1307 143 1328 25

117 1739 142 1759 ³5

116 2171 141 2190 45

117 2387 142 2406 5⁰

118 2731 142 2750 55

161 620 284 659 unquam
302 612 353 638 aut
370 611 459 638 ridere
477 613 528 638 aut
545 610 628 637 irasci
647 610 730 643 visus,
750 611 779 637 et
796 611 861 644 post
879 609 988 637 obitum
1000 609 1143 644 pulchrior
1156 608 1236 640 facie
1256 618 1341 643 quam
1356 611 1441 664 antea
1454 610 1597 644 apparuit.
1635 611 1745 638 Recolit
1758 611 1817 638 eius

161 654 323 682 memoriam
339 653 571 689 martyrologium
589 653 694 680 ordinis
712 652 757 680 die
775 653 817 680 24.
832 652 1005 679 Novembris.

265 697 355 725 Venhs
364 706 391 732 p.
403 697 600 724 Bonaventura
612 696 646 723 de
655 697 722 728 Las,
733 696 870 731 sanguiue
883 696 974 723 clarus
986 697 1017 723 et
1029 695 1181 729 aliquando
1194 695 1366 723 cathedralis
1380 696 1516 724 ecclesiae
1526 696 1648 731 Neapoli
1657 699 1675 731 ¹)
1686 698 1817 727 Austriae

161 740 298 773 officialis,
320 748 412 767 amore
431 740 591 767 austerioris
611 739 687 767 vitae
705 739 908 774 amplexandae
927 738 1095 766 strictiorem
1114 748 1135 765 s.
1150 738 1291 766 Francisci
1309 740 1423 774 regulae
1441 740 1650 767 observantiam
1669 741 1815 775 professus,

161 783 358 811 zelosissimum
382 783 497 810 verbum
521 783 566 810 dei
588 791 755 817 praeconem
773 782 833 817 egit
850 791 884 809 ac
902 782 977 809 omni
995 782 1024 808 in
1042 782 1104 809 loeo
1122 790 1241 817 magnae
1259 782 1454 816 perfectionis,
1481 783 1595 811 virtutis
1613 792 1647 811 ac
1665 785 1818 819 probitatis

162 827 284 862 vestigia
301 826 426 860 reliquit.
456 826 509 853 Per
521 825 724 860 pientissimam
737 827 853 853 mortem
870 826 906 852 ad
918 825 1117 860 sempiternam
1129 824 1344 852 retributionem
1357 828 1475 853 vocatur
1483 826 1610 854 Viennae
1622 827 1658 854 ad
1671 827 1716 854 8⁰⁵
1729 828 1817 855 Theo-

161 869 276 898 baldum
295 870 325 896 et
341 868 543 896 Bernardinum
561 877 586 895 a.
600 868 674 895 1502.

265 912 355 940 Venlis
366 921 394 947 p.
408 911 577 939 Benedictus
595 920 612 938 a
631 910 789 943 Carinthia,
815 910 956 938 nobilibus
974 910 1138 945 parentibus
1156 912 1253 943 natus,
1272 911 1301 938 in
1321 912 1462 939 laboribus
1481 922 1532 947 pro
1551 914 1642 940 salute
1661 914 1817 942 animarum

161 957 300 988 assiduus,
327 948 545 983 conversationis
569 954 796 989 exemplar-itate,
824 954 900 981 vitae
923 955 952 981 et
973 962 1080 980 morum
1103 953 1268 988 integritate
1291 963 1324 982 ac
1346 955 1545 983 ardentissima
1569 957 1647 984 verbi
1670 957 1716 984 dei
1739 967 1817 992 prae-

161 999 311 1032 dicatione,
330 998 438 1026 cunctis
457 998 576 1033 denique
594 997 720 1032 religiosi
739 997 860 1025 hominis
879 996 1031 1024 virtutibus
1044 997 1114 1024 mire
1125 997 1308 1031 resplenduit.
1346 997 1415 1025 Cum
1428 998 1493 1025 aliis
1507 998 1676 1026 Christianis
1689 1009 1707 1027 a
1720 1001 1818 1028 Turcis

162 1045 191 1071 et
216 1042 343 1070 barbaris
369 1042 521 1076 aliquando
548 1042 578 1068 in
606 1041 736 1069 miseram
761 1040 959 1076 captivitatem
986 1040 1124 1067 abductus
1150 1040 1273 1074 plurima
1299 1041 1451 1075 opprobria
1479 1044 1507 1069 et
1535 1043 1675 1070 crebriora
1701 1044 1818 1071 verbera

160 1085 368 1122 patientissime
390 1094 440 1120 pro
460 1084 565 1112 Christi
587 1084 698 1112 nomine
720 1084 841 1119 longiori
863 1086 988 1118 tempore
1011 1083 1154 1110 sustinuit.
1196 1083 1302 1111 Solutis
1325 1084 1436 1112 demum
1459 1085 1579 1112 vinculis
1603 1086 1674 1114 liber
1696 1087 1732 1114 ad
1755 1096 1818 1114 con-

159 1129 259 1157 fratres
277 1137 340 1156 suos
358 1137 498 1163 regressus
516 1127 678 1155 beatissimo
697 1128 750 1154 fine
767 1126 878 1161 quievit
895 1125 1057 1161 Egenbnrgi
1076 1126 1112 1153 ad
1130 1126 1161 1152 Β.
1176 1127 1320 1162 Virginem
1339 1128 1373 1154 de
1393 1127 1567 1155 candelariis
1585 1138 1610 1156 a.
1623 1130 1699 1158 1506.

262 1172 353 1199 Venus
364 1181 393 1206 p.
406 1171 622 1206 christophorus
641 1171 675 1198 de
693 1170 850 1204 Monachio,
875 1169 1039 1204 magnificus
1058 1169 1136 1196 verbi
1155 1170 1200 1197 dei
1219 1179 1332 1204 praeco,
1351 1171 1450 1199 doctor
1468 1172 1610 1206 egregiuS,
1629 1182 1704 1208 mag.
1718 1173 1817 1202 Vienn.

159 1217 188 1244 et
213 1215 279 1243 olim
302 1214 464 1250 provinciae
486 1214 540 1241 vic.
558 1223 592 1241 ac
615 1213 644 1240 in
666 1222 791 1242 asceseos
814 1213 985 1248 perfectione
1007 1212 1092 1240 facile
1115 1213 1233 1247 primus,
1259 1213 1327 1240 hinc
1351 1215 1434 1241 tanta
1458 1215 1705 1250 contemplationis
1723 1217 1818 1252 gratia

160 1259 296 1294 pollebat,
314 1259 347 1285 ut
365 1258 400 1285 ob
419 1256 575 1284 dulcedinis
593 1257 723 1289 fructum,
742 1265 825 1291 quem
843 1256 880 1283 ad
897 1256 974 1282 intra
991 1255 1138 1287 sentiebat,
1157 1264 1253 1283 omnes
1268 1257 1414 1291 utriusque
1427 1265 1507 1284 sexus
1521 1258 1647 1285 homines
1660 1259 1816 1287 meditandi

161 1301 323 1330 methodum
342 1300 476 1328 edocendi
494 1300 662 1327 indefessum
679 1308 788 1334 semper
806 1298 975 1334 impenderit
987 1300 1127 1326 conatum.
1163 1298 1267 1326 Sancto
1279 1299 1333 1326 fine
1346 1299 1456 1333 quievit
1469 1299 1576 1326 Perusii
1591 1309 1647 1334 qua
1660 1302 1816 1330 commissa-

160 1345 218 1372 rius
242 1344 305 1372 vicii
322 1343 484 1379 provinciae
502 1343 632 1370 Austriae
651 1352 676 1370 a.
691 1343 765 1370 1519.
806 1342 859 1369 Hic
877 1341 1003 1376 suscepit
1021 1341 1113 1368 locum
1132 1341 1342 1369 Schwazensem
1361 1344 1390 1369 et
1408 1343 1573 1370 reformator
1590 1343 1645 1371 fuit
1665 1347 1817 1373 conventus

159 1387 347 1415 Bozoniensis.

264 1430 357 1458 Venu·
368 1439 396 1465 p.
408 1429 570 1457 Ambrosius
588 1438 606 1456 a
619 1429 718 1460 Tulna,
737 1438 808 1456 unus
826 1437 860 1455 ex
878 1428 976 1463 primis
995 1427 1078 1455 sociis
1095 1428 1116 1453 si
1130 1428 1241 1455 loannis
1260 1436 1277 1455 a
1296 1428 1473 1463 Oapistrano,
1492 1428 1570 1456 cuius
1588 1430 1771 1458 sanctitatem
1789 1434 1818 1459 et

159 1482 263 1509 magna
281 1474 358 1509 apud
375 1473 457 1500 deum
474 1471 575 1500 merita
593 1472 750 1507 indigitant
768 1471 905 1499 miracula
923 1471 960 1498 ad
979 1471 1038 1498 eius
1056 1471 1235 1506 sepulchrum
1254 1471 1323 1498 mire
1342 1473 1466 1506 patrata,
1491 1472 1609 1500 moritur
1626 1482 1651 1501 a.
1665 1474 1740 1502 1508.
1778 1475 1817 1502 De

161 1527 194 1546 eo
212 1515 445 1551 martyrologium
463 1515 568 1543 ordinis
587 1515 632 1542 die
650 1516 692 1542 24.
705 1514 810 1542 Martii.

263 1559 354 1587 Ven¹¹⁸
370 1569 397 1594 p.
411 1559 530 1593 Prosper
553 1559 587 1586 de
605 1559 716 1592 Mysna,
743 1558 776 1586 de
802 1557 899 1593 primis
924 1566 942 1585 a
966 1563 993 1584 s⁰
1011 1556 1178 1591 Capistrano
1197 1557 1335 1592 susceptis
1361 1557 1496 1585 fratribus
1518 1567 1574 1586 sac.
1591 1559 1818 1595 religiosissimus

160 1605 284 1632 aetatem
302 1603 449 1638 physicam
467 1610 560 1628 coram
583 1602 634 1629 deo
659 1603 688 1628 et
706 1600 865 1628 hominibus
882 1600 991 1628 meritis
1009 1601 1122 1635 plenam
1141 1600 1216 1628 ultra
1235 1603 1347 1628 centum
1366 1601 1532 1636 protrahens
1550 1611 1645 1630 annos.
1683 1602 1744 1634 Qua
1762 1613 1819 1631 non

160 1647 290 1674 obstante
312 1654 464 1680 numquam
489 1645 604 1672 chorum
626 1644 752 1680 neglexit
775 1652 826 1671 nec
848 1652 971 1678 unquam
995 1643 1118 1671 officium
1142 1643 1172 1670 in
1194 1643 1300 1676 stallis,
1326 1644 1374 1672 sed
1397 1646 1476 1671 extra
1500 1644 1552 1671 illa
1575 1645 1635 1672 sine
1654 1645 1714 1673 ulla
1732 1655 1818 1681 appo·
1839 1657 1842 1665 ²

160 1689 284 1717 diatione
307 1689 336 1716 in
359 1689 443 1716 choro
467 1688 559 1716 dicere
582 1688 681 1715 solitus
703 1687 740 1714 ad
762 1687 913 1714 maximam
935 1687 1059 1714 omnium
1077 1686 1331 1721 exemplaritatem.
1368 1687 1494 1720 Quiescit
1513 1688 1742 1724 Feldspergaffl),
1768 1690 1818 1717 ubi

161 1733 323 1761 beatissime
342 1732 386 1759 ob.
399 1741 423 1759 a.
438 1732 514 1759 1518.

267 1775 334 1803 Rev.
346 1775 378 1802 fr.
391 1774 584 1809 Archangelus
602 1774 636 1801 de
654 1773 845 1805 Braunecken,
869 1773 994 1808 optimae
1012 1772 1073 1807 spei
1092 1773 1217 1805 clericus,
1243 1775 1359 1800 sanctae
1379 1773 1556 1801 innocentiae
1574 1775 1728 1808 speculum,
1751 1776 1817 1803 dum

162 1818 264 1846 ultima
281 1818 337 1853 ipsi
355 1818 431 1845 vitae
450 1818 508 1845 dies
527 1817 693 1849 immineret,
711 1816 823 1844 omuino
842 1817 934 1843 laetus
953 1819 982 1843 et
1000 1817 1077 1843 totus
1095 1816 1302 1843 exultabundus
1322 1816 1350 1843 in
1369 1816 1402 1843 d0
1420 1815 1591 1844 obdormivit
1610 1817 1736 1852 Loysii’)

267 1861 357 1889 Venus
369 1870 396 1896 p.
407 1860 594 1888 Bernardinus
607 1860 641 1887 de
654 1859 828 1892 Enzerstorff,
841 1869 868 1894 p.
879 1859 953 1886 omni
967 1859 1081 1887 virtutis
1094 1859 1160 1891 zelo,
1174 1859 1291 1894 pietate,
1306 1860 1434 1887 doctrina
1446 1861 1476 1887 et
1488 1860 1650 1894 eloquentia
1664 1862 1816 1896 praeditus,

164 1905 218 1932 etsi
239 1903 305 1931 aliis
327 1904 455 1932 omnibus
476 1904 577 1936 bonus,
601 1903 655 1930 sibi
673 1905 768 1930 tamen
786 1911 891 1937 suoque
911 1902 1019 1937 corpori
1036 1902 1237 1938 rigidissimus,
1263 1903 1397 1937 quoniam
1416 1903 1445 1930 in
1464 1903 1592 1930 omnibus
1610 1905 1741 1932 membris
1759 1906 1817 1933 suis

159 1947 401 1975 mortificationem
427 1947 489 1974 Iesu
512 1946 738 1978 circumferebat,
764 1948 796 1973 ut
822 1955 871 1973 suo
896 1946 1023 1980 exemplo
1048 1945 1108 1972 vita
1131 1945 1193 1972 Iesu
1217 1945 1246 1972 in
1271 1946 1395 1972 omnium
1420 1946 1565 1973 hominum
1589 1947 1818 1976 manifestaretur

160 1990 297 2018 cordibus.
334 1990 462 2018 Piissime
480 1991 524 2018 ob.
538 1989 632 2024 Loysii
650 1998 675 2016 a.
688 1989 763 2016 1520.

263 2033 330 2061 Rev.
343 2034 376 2061 fr.
388 2033 620 2060 Bartholomaeus
637 2033 672 2060 de
689 2032 886 2067 Nuernberga,
911 2032 928 2059 Ι.
947 2041 1054 2059 morum
1072 2031 1215 2066 gravitate
1234 2033 1263 2059 et
1283 2026 1498 2066 exemplaritate
1518 2032 1649 2068 insignis,
1673 2042 1816 2068 nunquam

159 2077 250 2105 ridere
267 2077 343 2104 visus
361 2078 404 2103 est
421 2085 454 2103 ac
472 2075 612 2103 rarissime
630 2075 717 2110 loqui,
737 2075 866 2103 omnibus
881 2076 966 2108 trimu,
985 2074 1137 2109 praecipue
1150 2074 1365 2102 valetudinariis
1379 2077 1408 2102 et
1420 2075 1545 2109 graviter
1558 2075 1681 2109 infirmis,
1700 2086 1817 2111 quorum

160 2129 255 2147 curam
272 2119 402 2155 plurimis
419 2119 501 2146 annis
513 2118 640 2146 Viennae
658 2120 792 2154 gesserat,
810 2118 939 2153 apprime
958 2118 1153 2149 charitativus,
1172 2118 1216 2144 ob.
1229 2127 1254 2145 a.
1270 2118 1344 2146 1520.
1374 2121 1381 2129 ·

263 2162 353 2190 Venus
365 2171 392 2197 p.
406 2162 522 2189 Ioannes
540 2161 672 2196 Baptista
690 2162 724 2188 de
742 2161 911 2193 Franconffl,
935 2161 977 2187 vir
995 2161 1113 2195 simplex
1132 2162 1161 2188 et
1178 2163 1284 2193 rectus,
1310 2161 1384 2188 omni
1403 2164 1501 2196 gratus
1520 2162 1639 2195 homini,
1666 2163 1817 2191 strictioris

158 2206 272 2242 regulae
290 2205 469 2234 observantia
487 2207 516 2232 et
534 2205 610 2232 vitae
629 2205 795 2232 austeritate
814 2204 1065 2239 singularissimus,
1092 2213 1147 2231 non
1164 2205 1271 2239 absque
1291 2204 1422 2240 specialis
1442 2205 1594 2240 probitatis
1612 2205 1723 2233 indiciis
1741 2207 1816 2235 diem

160 2249 262 2276 clausit
280 2248 411 2276 ultimum
423 2248 549 2276 Viennae
568 2257 592 2276 a.
608 2249 682 2276 1525.

262 2292 353 2319 Venm
364 2301 392 2326 p.
405 2291 593 2319 Bernardinus
617 2291 650 2318 de
669 2290 821 2326 Oeringen,
847 2290 876 2318 in
894 2291 996 2326 spiritu
1015 2290 1173 2318 devotionis
1196 2292 1225 2318 et
1247 2291 1382 2318 orationis
1407 2291 1610 2326 perfectissime
1633 2292 1812 2326 exercitatus,

160 2335 292 2363 coelitum
311 2336 428 2362 venator
445 2335 622 2369 praecipuus,
648 2342 698 2368 pro
717 2333 865 2361 animabus
883 2333 1038 2369 purgandis
1046 2335 1069 2368 Ιῑ)
1087 2335 1183 2361 orator
1200 2334 1236 2361 ad
1255 2334 1338 2362 deum
1357 2334 1405 2361 diu
1423 2336 1564 2369 noctuque
1582 2335 1743 2368 indefessus,
1767 2345 1817 2370 per

161 2378 272 2405 unicum
295 2378 412 2405 necdum
435 2377 566 2405 effluxum
584 2386 701 2408 annum,
723 2379 755 2404 ut
773 2376 800 2404 ei
817 2377 984 2410 revelatum,
1008 2377 1091 2411 plura
1108 2377 1201 2404 millia
1219 2377 1343 2404 liberans
1362 2386 1376 2404 e
1396 2377 1588 2412 piacularibus
1607 2378 1736 2412 flammis,
1756 2388 1816 2413 per-

161 2422 288 2448 vetustus
300 2421 475 2454 characterb)
488 2420 521 2447 53
528 2421 580 2448 000
592 2419 732 2455 exprimit.
768 2419 894 2451 Quiescit
905 2419 1031 2447 Viennae
1050 2420 1086 2447 ad
1100 2420 1145 2446 S⁰²³
1157 2420 1353 2447 Theobaldum
1373 2422 1402 2447 et
1414 2421 1625 2453 Beruardinum,
1643 2421 1687 2448 ob.
1700 2430 1724 2448 a.
1739 2422 1815 2449 1525.

264 2463 355 2491 Venli·
366 2473 394 2498 p.
408 2463 567 2490 Victorinus
585 2463 619 2490 de
637 2463 719 2490 Nova
738 2462 873 2496 civitate,
897 2462 1075 2497 praedicator
1093 2465 1122 2490 et
1139 2463 1279 2490 confessor
1297 2463 1485 2498 gratissimus,
1511 2464 1633 2499 gratiam
1651 2464 1726 2492 inter
1744 2465 1815 2492 alias

160 2506 312 2542 specialem
333 2506 389 2533 sibi
411 2506 497 2541 petiit
521 2515 538 2533 a
562 2506 603 2538 d0,
628 2507 660 2533 ut
681 2505 814 2532 nimirum
836 2505 932 2533 laudes
955 2505 1006 2533 deo
1029 2506 1179 2534 decantare
1198 2506 1287 2541 possit
1305 2515 1393 2541 usque
1411 2506 1440 2533 in
1458 2507 1540 2534 finem
1561 2507 1636 2535 vitae
1655 2516 1733 2542 suae,
1759 2517 1816 2542 qua

265 2636 290 2669 ⁸)
309 2636 410 2669 Her-uoq
427 2637 541 2670 scripsit:
560 2637 740 2670 purgantibus.
844 2636 869 2668 b)
888 2635 986 2662 Auctor
1004 2636 1096 2662 dubius
1114 2637 1201 2663 addit:
1219 2638 1269 2663 nisi
1286 2638 1377 2663 calami
1396 2646 1466 2663 error
1483 2638 1523 2663 sit.

267 2722 288 2755 ¹)
311 2721 582 2749 Wiener-Nouatum.
691 2722 712 2754 ²)
734 2720 889 2748 olaus-trum
912 2729 934 2748 s.
951 2721 1081 2748 Michaeli
1102 2721 1263 2756 archanyelo
1289 2721 1466 2756 Fezdsberqae
1489 2722 1639 2749 dedwatum
1663 2723 1718 2749 ‘iam
1742 2723 1814 2750 circa

161 2773 187 2792 a.
202 2769 271 2792 1454
288 2766 390 2799 fratres
402 2764 524 2791 Minores
539 2764 738 2791 inhabitarunt.
843 2765 865 2798 ⁸)
886 2763 1048 2791 coenobium
1065 2772 1086 2792 s.
1098 2764 1296 2792 Bernhardino
1307 2765 1418 2792 Senensi
1436 2764 1589 2792 dedicatum
1607 2766 1638 2791 in
1649 2765 1815 2800 Lanqenlois

161 2807 233 2834 citrea
250 2814 338 2834 aomos
356 2811 520 2835 1451—1455
533 2807 686 2841 primordia
703 2815 756 2834 sua
774 2807 870 2841 cepisse
887 2807 983 2840 fertwr.

1554 2859 1607 2887 208
