2150 3178
336 182 400 212 536

335 458 379 486 28.

339 913 380 940 29.

338 1333 382 1361 30.

340 1995 383 2023 31.

742 175 1009 204 NECROLOGIUM
1029 174 1221 203 OANONIAE
1238 175 1287 203 AD
1306 175 1333 203 S.
1345 174 1599 204 HIPPOLYTUM.

650 263 925 306 Syozenpergerin
942 262 982 295 de
999 262 1036 295 S⁰
1047 262 1169 295 Iacobo
1186 266 1219 295 et
1234 273 1358 295 consor.
1371 273 1401 295 n.
1436 267 1471 294 D.
1484 267 1624 303 Georgius
1640 276 1721 303 ppos.
1735 268 1771 296 sd
1787 268 1844 296 8¹¹⁰*
1855 268 2004 297 Nicolaum

650 317 731 343 extra.
742 323 836 342 muros
850 314 980 347 Patav.¹)‚
994 314 1043 341 cfr.
1054 323 1079 341 u.
1109 315 1143 341 D.
1153 313 1291 349 Georgius
1304 313 1457 342 Loeflholtz
1470 322 1531 341 can.
1543 313 1574 341 in
1585 313 1699 341 Summo
1713 314 1832 343 Patavie
1845 317 1875 343 et
1886 315 2004 343 Iodoous

649 358 796 394 llingmair
809 359 838 385 et
848 357 985 392 Georgius
995 357 1179 390 Mitterhofer,
1193 357 1254 384 coni
1265 357 1294 384 in
1304 357 1417 384 Summo
1427 356 1554 388 Patavie,
1568 357 1634 384 οἰκ-0·
1644 357 1678 384 ni.
1705 357 1787 385 Anna
1796 357 2003 386 Habsrkriohin

650 403 679 429 et
690 402 770 429 Anna
781 401 962 436 Heipergiun,
976 406 1099 428 consol-0·
1109 406 1149 428 ne.
1177 401 1210 428 D.
1217 400 1394 436 Volfgangus
1402 400 1552 435 weyttner
1561 400 1596 428 de
1603 400 1792 429 Walthaussn
1804 401 1866 437 pbr.
1876 403 1906 429 et
1917 402 1967 430 cfr.
1976 411 2004 430 ιι.

466 459 500 486 V.
513 459 572 486 kal.
598 454 842 496 Udalricus·)
869 465 973 496 ppos.
998 457 1036 486 et
1058 463 1152 495 can„
1182 452 1236 496 [fr.
1257 452 1321 495 n.²)
1371 452 1582 485 Heinrious
1605 453 1683 495 pbr.
1708 453 1753 486 de
1775 453 1942 486 Medlioo
1967 456 2004 486 et

650 506 714 538 cfr.
731 517 761 538 ιι.
807 505 993 538 Albertus
1020 505 1100 547 pbr.
1123 504 1293 537 ecclesie
1322 504 1348 536 s¹
1371 503 1543 547 Nyoolay
1566 504 1697 538 Patsv.
1719 508 1758 538 et
1780 505 1845 540 ofr.
1861 516 1892 538 n.
1938 505 2003 548 Sy-

650 557 773 590 fridus
789 557 914 590 dictus
926 557 1281 599 Wildungsmaurer
1296 567 1400 599 ppos.
1414 557 1451 588 in
1462 556 1857 600 Herozogeuburgn.⁸)
1885 557 2003 590 Hein-

650 611 753 642 ricus
776 609 853 652 pbr.
875 612 912 641 et
935 609 977 640 fr.
995 619 1025 640 ιι.
1071 608 1369 641 Bartholomeus
1392 619 1465 640 sao.
1486 611 1524 641 et
1546 619 1588 641 m.
1605 609 1651 642 de
1674 608 1717 641 S·
1732 609 1868 652 Ornos,
1892 609 1955 642 cfr.
1972 620 2003 642 n.

649 661 707 694 Fr.
727 661 922 693 Iohannes
945 671 1017 693 sao.
1040 664 1077 693 et
1101 671 1142 693 m.
1166 661 1211 693 de
1235 661 1376 703 Campo
1399 661 1587 703 liliorum,
1618 661 1682 693 cfr.
1699 660 1744 704 n.]
1793 661 2004 694 meinhardus

650 713 720 755 pbr.
738 712 780 745 de
803 712 1142 755 Berchchedsgarnb),
1165 713 1222 744 cfr.
1240 723 1269 744 n.
1315 713 1368 745 Fr.
1385 712 1503 745 Petrus
1527 723 1574 744 ov.
1593 713 1634 746 de
1657 712 1875 756 Newnburga,
1899 713 1956 746 cfr.
1972 724 2005 746 ιι.

650 764 690 797 D.
707 764 914 797 Liebhardus
937 764 978 796 de
999 763 1036 796 S⁰
1051 763 1205 797 Floriano
1230 768 1264 797 et
1286 765 1343 796 cfr.
1361 776 1391 797 ιι.
1438 770 1471 797 D.
1483 769 1654 798 Valentinus
1671 769 1739 797 olim
1754 770 1830 806 pleb.
1847 770 1877 798 in
1892 770 2004 798 Pruckh

650 817 711 851 pbr.
729 819 759 844 et
777 816 808 843 fr.
825 825 852 844 n.
871 815 946 843 1503.
984 815 1016 843 D.
1030 815 1227 851 Wolffgangus
1247 816 1282 844 de
1301 816 1334 843 S·
1351 816 1455 844 Cruece
1463 818 1486 850 0)
1505 816 1567 852 pbr.
1585 818 1614 844 et
1633 816 1682 844 cfr.
1698 825 1727 843 ιι.
1763 816 1886 845 Michael
1904 817 2006 853 Sarger

653 869 694 887 cv.
708 859 737 886 in
757 859 921 891 Novaeella,
940 859 989 887 cfr.
1002 868 1028 886 ιι.

455 912 500 939 IV.
513 912 570 940 kal.
598 908 848 940 wolfhardus
864 908 1089 950 cognomine
1106 908 1248 950 Lupus,
1273 907 1420 939 oblatio
1440 909 1450 939 1
1473 907 1536 939 tal.
1577 906 1723 950 [Poppo
1739 907 1817 950 pbr.
1834 907 2004 940 ecclesio

650 965 681 991 ⁸⁶
698 959 819 992 Μαι-ιο
844 960 879 992 in
901 959 1042 1002 Campo
1066 959 1261 1001 lyliorum,
1285 959 1350 991 cfr.
1367 970 1398 991 ιι.
1444 959 1520 991 Leo
1545 969 1596 992 cv.
1613 959 1766 992 ibidem.
1811 959 2005 992 Iohannes

651 1023 703 1044 ov.
721 1012 766 1044 de
790 1011 833 1043 S·
849 1012 971 1045 Cruoe
996 1015 1033 1044 et
1055 1012 1120 1044 cfr.
1137 1022 1167 1043 ιι.
1214 1010 1440 1043 cristannus
1462 1010 1589 1043 dietus
1605 1011 1763 1044 Wasner
1786 1022 1863 1044 oan.
1881 1011 2004 1045 ecole-

651 1065 706 1097 sie
722 1064 750 1095 s¹
766 1063 932 1104 fficolai,
957 1064 1022 1096 cfr.
1039 1075 1069 1096 n.
1107 1064 1319 1096 Ernnestus
1336 1063 1382 1096 de
1400 1062 1733 1096 chremsmunster
1747 1064 1826 1106 pbr.
1843 1067 1881 1097 et
1896 1064 1960 1096 cfr.
1973 1075 2004 1096 ιι.

650 1116 843 1149 thacius
863 1115 987 1148 dictus
1003 1116 1262 1158 Texenpekch
1279 1115 1325 1148 de
1340 1115 1549 1158 Neuburga
1568 1115 1645 1158 pbr.
1663 1118 1700 1148 et
1720 1116 1784 1148 ofr.
1797 1115 1842 1159 n.]
1881 1115 2006 1159 Oaspar

652 1168 782 1200 VVurfel
806 1179 848 1200 m.
866 1168 907 1200 de
923 1167 1052 1208 Melino,
1075 1167 1146 1210 pbr.
1163 1171 1197 1200 et
1220 1167 1276 1200 ofr.
1293 1178 1323 1199 n.
1362 1167 1516 1200 Nioolaus
1532 1167 1573 1200 de
1590 1166 1628 1200 S*
1644 1167 1748 1200 Cruoe
1763 1167 1833 1210 pbr.
1851 1171 1885 1201 et
1900 1167 1957 1200 cfr.
1972 1179 2004 1204 n.

651 1220 814 1252 Iohannes
830 1219 952 1252 ibidem
969 1220 1051 1252 diac.
1069 1223 1103 1253 et
1118 1220 1174 1252 cfr.
1186 1230 1216 1251 ιι.
1254 1219 1307 1251 Fr.
1321 1219 1470 1251 Andreas
1485 1218 1606 1252 ibidem
1623 1230 1671 1252 ον.
1685 1222 1719 1252 et
1734 1219 1790 1252 cfr.
1803 1230 1833 1252 n.
1872 1219 1912 1252 D.
1926 1219 2005 1252 Gal-

651 1272 700 1304 lus
722 1272 805 1314 prof.
822 1271 916 1304 monii
938 1277 967 1303 ΒΘ
982 1271 1161 1313 Dorothee,
1186 1271 1255 1314 pbr.
1273 1275 1307 1303 et
1329 1271 1386 1303 cfr.
1402 1282 1433 1304 n.

453 1333 572 1360 111.ka1.
601 1328 706 1360 Pabo
731 1328 810 1370 pbr.
831 1331 870 1360 et
893 1329 936 1360 fr.
953 1339 983 1360 n.
1029 1327 1234 1360 Heinrious
1257 1338 1312 1360 cv.
1334 1331 1371 1360 et
1393 1327 1435 1360 fr.
1452 1338 1481 1360 n.
1528 1326 1713 1370 [Wisento
1736 1327 1814 1370 pbr.
1839 1331 1877 1361 et
1899 1339 2004 1372 ppos.

651 1381 686 1412 in
712 1379 1012 1422 Walthausen⁴),
1045 1380 1110 1412 cfr.
1132 1391 1166 1418 ιι.
1214 1379 1305 1412 Otto
1335 1390 1407 1412 sao.
1431 1383 1468 1412 et
1491 1391 1534 1412 m.
1558 1381 1587 1412 b.
1604 1380 1775 1423 Virginis
1800 1381 1839 1413 in
1863 1380 2005 1424 Campo

651 1432 837 1471 liliorum,
861 1432 925 1464 cfr.
943 1443 974 1464 n.
1012 1432 1205 1464 Iohannes
1229 1432 1273 1464 de
1290 1431 1332 1464 8⁰
1345 1432 1499 1465 Andrea
1514 1432 1594 1475 pbr.
1612 1435 1651 1465 et
1666 1433 1729 1464 cfr.
1744 1443 1775 1464 n.
1813 1433 2006 1473 Iohannes

651 1484 884 1526 Freysinger
914 1483 1064 1526 dyao.‘¹),
1099 1483 1164 1516 cfr.
1188 1494 1234 1525 n.,
1269 1484 1440 1517 ecclesie
1470 1483 1766 1527 seccoviensis]
1820 1484 2006 1518 D.‘Paulus

653 1535 810 1578 Sleycher
825 1536 866 1568 de
880 1536 1012 1568 Waraw
1029 1536 1111 1578 pbr.‚
1135 1536 1191 1568 cfr.
1208 1547 1238 1568 n.
1255 1539 1289 1568 et
1306 1536 1344 1568 fr.
1358 1536 1520 1569 Iohannes
1536 1535 1578 1568 de
1594 1535 1750 1568 Seceovia
1766 1536 1822 1568 cfr.
1835 1547 1865 1568 n.
1904 1535 2004 1580 Sigis-

652 1588 790 1620 mundus
819 1587 1078 1630 Poppenperger
1109 1587 1151 1619 de
1182 1587 1424 1631 Reiohersperg
1454 1587 1525 1630 pbr.
1550 1590 1583 1620 et
1612 1588 1669 1620 cfr.
1691 1599 1720 1620 ιι.
1775 1587 1944 1620 Oonradus
1972 1591 2006 1622 et

651 1640 878 1682 Marquardus,
901 1639 943 1671 ιιιί
966 1639 1007 1672 de
1032 1639 1068 1671 S·
1086 1638 1202 1681 Cruoe,
1225 1638 1292 1682 pbr'
1315 1642 1349 1672 et
1371 1639 1444 1672 ofr⁰·
1459 1639 1498 1671 n¹.
1544 1639 1707 1672 Iohannes
1730 1639 1813 1672 diac.
1830 1639 1872 1672 de
1888 1640 2005 1674 Pawn-

653 1692 863 1734 gartenperig
887 1692 943 1724 cfr.
959 1702 989 1723 ιι.
1028 1691 1191 1724 Iohannes
1214 1691 1255 1723 de
1272 1690 1309 1723 S·
1326 1691 1494 1723 Dorothea
1514 1691 1584 1733 pbr.
1601 1694 1635 1723 et
1650 1691 1706 1723 cfr.
1723 1702 1754 1723 n.
1791 1691 2006 1725 Leonhardus

650 1743 946 1785 Paeungarttneffl)
975 1753 1015 1774 ex
1045 1742 1145 1775 monf⁰
1168 1743 1191 1774 ε’
1210 1742 1346 1784 Nicolay
1370 1746 1462 1775 extra
1485 1754 1594 1775 muros
1617 1743 1731 1775 Patav.
1755 1743 1824 1785 pbr.
1845 1747 1878 1776 et
1901 1744 1957 1776 cfr.
1973 1755 2004 1777 ιι.

652 1795 814 1837 Georgius
837 1806 885 1827 cv.
902 1795 943 1827 de
967 1794 1005 1826 S·
1020 1795 1198 1836 Dorotheu,
1220 1795 1276 1826 ofin
1293 1805 1322 1826 n.
1369 1793 1532 1826 Steffanus
1547 1794 1643 1827 Fewr
1666 1795 1735 1827 deo.
1753 1795 1794 1828 de
1814 1795 1852 1828 8⁰
1868 1796 2005 1829 Nioolao

653 1851 747 1880 extra
777 1858 886 1879 muros
914 1846 1060 1879 Patavie.
1107 1851 1248 1879 Iohannes
1271 1851 1415 1885 quondam
1439 1851 1572 1886 subprior
1593 1851 1624 1878 in
1646 1851 1917 1887 Pawngartenperg.
1941 1853 2004 1888 pbr.

653 1902 682 1926 et
701 1900 749 1926 cfr.
762 1908 788 1926 n.
825 1898 976 1932 OMathias
995 1898 1107 1926 Hueber
1129 1898 1190 1932 pbr.
1208 1897 1237 1924 in
1257 1897 1289 1925 S⁰
1308 1896 1453 1931 Floriano,
1479 1898 1527 1925 cfr.
1545 1907 1571 1925 n.
1610 1897 1793 1926 Sebastianus
1811 1898 1920 1926 Heu-der
1944 1899 2006 1934 pbr.

653 1942 687 1969 de
707 1942 739 1968 S⁰
752 1941 891 1974 Floriano,
911 1942 960 1968 cfr.
973 1951 999 1968 u.

471 1995 503 2021 ΙΙ.
517 1995 574 2022 kal.
602 1990 834 2022 Herwordus
865 1990 944 2032 pbr.
973 1992 1009 2022 et
1041 1990 1082 2021 fr.
1109 2001 1139 2021 ιι.
1193 1989 1397 2022 Heinrious
1430 1988 1476 2021 de
1508 1988 1677 2021 Medlioo
1709 1989 1788 2031 pbr.
1817 1992 1857 2021 et
1886 1989 1950 2022 cfr.
1973 2000 2003 2022 n.

654 2041 873 2085 [Heinricus
895 2042 972 2085 pbr.
993 2042 1159 2074 ecclesie
1183 2042 1210 2073 si
1226 2041 1397 2083 Andree,
1427 2041 1493 2073 cfr.
1509 2052 1539 2072 n.
1584 2041 1797 2083 Agnes-ov·
1820 2041 1867 2073 de
1891 2041 2004 2074 Seco-

652 2095 728 2134 via,
752 2105 822 2126 sor.
839 2105 870 2125 ιι.
909 2093 1060 2125 Ulrieus
1084 2094 1130 2126 de
1146 2094 1235 2136 Lass)
1259 2094 1338 2136 pbr.
1355 2096 1392 2125 et
1415 2093 1457 2124 fr.
1474 2092 1518 2135 n.]
1556 2092 1719 2125 Iohannes
1735 2103 1803 2125 can.
1821 2093 1862 2125 de
1875 2093 2005 2136 Varaw,

651 2146 707 2177 cfr.
721 2157 751 2177 n.
790 2146 952 2178 Iohannes
968 2145 1038 2188 pbr.
1053 2146 1093 2178 de
1106 2145 1388 2188 Paugartenperig
1395 2145 1422 2187 ⁰)
1438 2149 1472 2177 et
1487 2145 1542 2176 cfr.
1556 2155 1587 2176 n.
1630 2144 1818 2177 Cristannus
1834 2145 1875 2177 de
1890 2145 2004 2178 Tieru-

653 2198 737 2229 stain
760 2197 830 2239 pbr.
852 2200 885 2229 et
908 2197 965 2229 cfr.
986 2209 1016 2229 n.
1062 2197 1224 2229 Iohannes
1253 2197 1294 2229 de
1317 2197 1533 2229 Walthausen
1557 2196 1628 2239 pbr.
1650 2200 1684 2229 et
1705 2197 1762 2229 cfr.
1778 2208 1810 2230 n.
1854 2197 2006 2229 Matheus

654 2260 718 2281 sae.
736 2249 776 2281 de
799 2249 1087 2292 Herczogenburg,
1111 2249 1168 2281 cfr.
1185 2260 1214 2281 ιι.
1260 2249 1422 2281 Iohannes
1445 2249 1487 2281 de
1509 2249 1579 2281 Ror
1600 2249 1671 2291 pbr.
1689 2252 1723 2281 et
1745 2249 1802 2282 cfr.
1817 2260 1847 2281 n.
1892 2249 1933 2281 D.
1950 2249 2004 2282 Io-

654 2302 778 2333 hannes
808 2301 963 2344 Mangold
995 2301 1037 2333 de
1068 2302 1216 2343 Augusta
1247 2301 1317 2343 pbr.
1342 2305 1375 2333 et
1403 2301 1459 2334 cfr.
1481 2313 1512 2333 n.
1568 2300 1738 2333 Elisabeth
1770 2311 1831 2333 sor.
1855 2312 1884 2332 n.
1911 2303 2004 2334 1455.

653 2353 694 2385 D.
711 2353 936 2395 sigismundus
951 2353 1171 2395 Roeehlinger
1194 2353 1235 2385 de
1252 2353 1389 2385 Monaco
1414 2356 1447 2385 et
1463 2353 1519 2385 cfr.
1536 2364 1566 2385 n.
1611 2352 1652 2384 D.
1668 2352 1841 2385 Ludwious
1856 2352 2006 2385 Hoerndl

655 2405 695 2436 de
712 2405 862 2446 Augusta
878 2405 947 2447 pbr.
965 2409 998 2437 et
1014 2405 1070 2436 cfr.
1083 2416 1113 2436 ιι.
1151 2404 1312 2446 Georgius
1327 2404 1490 2446 Inpruker
1504 2404 1575 2447 pbr.
1587 2403 1839 2446 Now-burgensis
1855 2407 1888 2437 et
1904 2404 1960 2436 cfr.
1973 2415 2003 2437 ιι.

653 2455 685 2482 D.
699 2456 837 2482 Iohannes
856 2456 1014 2490 Haypeckh
1037 2456 1098 2490 pbr.
1115 2455 1150 2483 de
1169 2455 1202 2482 so
1223 2455 1350 2482 Floriano
1373 2456 1403 2482 et
1426 2456 1474 2482 cfr.
1492 2464 1519 2483 n.
1555 2455 1587 2482 D.
1600 2454 1724 2482 Miehael
1742 2454 1835 2482 senior
1853 2455 1930 2490 apud
1947 2455 2006 2483 Sum

654 2499 794 2526 Andream
814 2499 862 2525 cfr.
876 2508 903 2525 n.
940 2498 972 2525 D.
987 2498 1185 2533 Wolffgangus
1204 2498 1295 2526 senior
1313 2498 1347 2525 de
1360 2498 1463 2525 Varaw
1482 2497 1530 2524 cfr.
1544 2507 1571 2524 n.

446 2612 471 2644 εὓ)
490 2613 611 2645 Sequitur
628 2613 698 2638 locus
714 2621 791 2637 ναειιε
807 2612 900 2637 minor.
989 2611 1014 2644 b)
1034 2612 1057 2637 1.
1071 2621 1091 2637 ε.
1105 2611 1321 2644 Berohtesgaden.
1410 2611 1433 2643 c)
1454 2611 1497 2637 Sic
1515 2611 1570 2637 cod.
1659 2610 1684 2643 d)
1704 2610 1826 2643 Sequitur
1842 2611 2007 2636 exstinctum:

342 2656 445 2681 ibidem.

552 2655 574 2687 θ)
594 2656 694 2681 Nomen
713 2656 760 2681 hoe
777 2655 897 2680 radendo
915 2663 946 2680 εει)
960 2659 1038 2687 parte
1055 2659 1195 2680 correctum
1211 2659 1255 2680 eet.
1359 2653 1379 2687 s)
1400 2654 1514 2687 Sequens
1529 2658 1591 2680 nota
1603 2654 1733 2679 exstincta.
1839 2652 1865 2686 Β)
1885 2652 2006 2686 δεραίων

344 2699 415 2724 locus
433 2707 518 2725 rasus.

451 2776 470 2808 ¹)
491 2775 620 2809 Georgius
640 2775 717 2801 Mair
735 2778 908 2801 1502-1515.
1005 2774 1026 2806 ²)
1050 2773 1161 2800 Ulricus
1180 2772 1212 2806 I.‚
1230 2773 1268 2800 ob.
1282 2782 1307 2800 ιι.
1321 2773 1430 2800 incerto.
1528 2773 1549 2807 ⁸)
1569 2775 1743 2800 1340—1361.
1841 2773 1862 2806 θ)
1885 2771 2007 2799 Wioento

345 2818 545 2851 Stolzemim·fer
562 2819 676 2845 occurrit
696 2821 762 2845 1321
781 2820 805 2844 et
823 2820 898 2850 1348,
915 2817 953 2844 ob.
966 2825 991 2843 α.
1005 2817 1113 2843 incerto.
