2150 3178
538 701 798 759 LIBER
842 700 1432 761 OBLATIONUM

215 797 320 855 ET
362 795 1223 855 ANNIVERSARIORUM
1265 797 1747 856 ECCLESIAE

323 890 379 949 S.
411 890 844 949 STEPHANI
882 889 1644 958 VINDOBONENSIS.

258 1026 423 1072 Ecclesia
451 1050 477 1071 s.
501 1039 655 1079 Stephani
684 1039 931 1072 Vindobonensis
964 1040 1023 1072 etsi
1054 1050 1122 1072 una
1155 1051 1193 1072 ex
1224 1041 1458 1080 antiquissimis
1489 1041 1644 1072 Austriae
1676 1041 1813 1073 ecclesiis

154 1091 279 1122 demum
301 1101 330 1123 a.
345 1091 430 1122 1365
447 1090 586 1130 capitulo
601 1091 760 1132 collegiato
775 1091 968 1124 celeberrimo
983 1092 1073 1132 apud
1087 1091 1248 1124 ecclesiam
1262 1091 1434 1131 „Omnium
1451 1093 1662 1124 Sanctorum“
1677 1093 1714 1125 in
1728 1104 1810 1132 arce,

154 1137 236 1182 quod
258 1153 280 1174 a
305 1142 443 1182 Rudolfo
466 1142 527 1174 IV.
550 1143 628 1175 duce
650 1143 805 1175 Austriae
828 1154 857 1175 a.
875 1144 961 1174 1359
982 1143 1155 1183 fundatum
1177 1154 1215 1175 ac
1238 1144 1382 1176 dotatum
1405 1146 1482 1182 erat,
1505 1144 1567 1175 huc
1590 1144 1745 1177 translato
1768 1146 1813 1177 ad

154 1194 300 1226 ecclesiae
322 1193 501 1234 collegiatae
523 1194 709 1234 diqnitatem
724 1195 885 1234 producta
909 1197 962 1226 est.
1005 1194 1152 1235 Capitulo
1167 1195 1304 1235 fundato
1319 1195 1416 1227 simul
1429 1195 1639 1235 necroloyium
1653 1196 1690 1227 in
1705 1196 1809 1228 calen-

154 1246 246 1278 dario
268 1256 377 1278 coaevo
395 1246 520 1277 duabus
535 1246 724 1287 dispositum
738 1246 893 1278 columnis
908 1247 1004 1278 scribi
1019 1247 1127 1288 coepit,
1151 1247 1235 1287 quod
1249 1257 1335 1278 nunc
1350 1248 1386 1278 in
1401 1247 1503 1279 codice
1518 1247 1638 1287 formae
1653 1249 1812 1280 maximae

153 1297 385 1329 membranaceo
408 1297 562 1329 tabularii
584 1298 719 1339 capituli
740 1298 973 1338 metropolitani
992 1298 1239 1330 Vindobonensis
1257 1309 1320 1330 non
1338 1299 1461 1340 signato
1476 1298 1556 1338 folia
1572 1300 1657 1330 1—6
1673 1299 1810 1340 complet,

153 1349 190 1381 in
216 1359 277 1390 quo
293 1352 460 1389 praeterea
481 1352 574 1382 notae
597 1350 634 1382 de
656 1350 790 1391 capituli
812 1351 956 1382 censibus
977 1361 1015 1382 ac
1038 1351 1192 1382 reditibus
1208 1351 1437 1391 percipiendis,
1466 1350 1562 1382 series
1587 1352 1811 1383 canonicorum

152 1401 403 1440 installatorum,
435 1401 570 1441 capituli
597 1404 721 1433 statuta
749 1405 843 1442 atque
866 1402 1037 1443 privilegia
1066 1403 1275 1434 continentur.
1332 1403 1417 1443 Quia
1444 1405 1550 1434 autem
1577 1403 1614 1434 in
1640 1403 1810 1444 necroloqio

146 1451 332 1493 plerumque
359 1456 451 1485 notae
482 1453 519 1485 de
545 1453 776 1485 anniversariis
797 1454 945 1494 fundatis
966 1457 1061 1494 atque
1084 1454 1292 1486 oblationibus
1314 1457 1497 1492 occurrunt,
1530 1454 1672 1486 dubitari
1693 1457 1810 1496 nequit,

151 1505 231 1545 quin
251 1505 362 1544 potius
384 1504 461 1537 liber
482 1504 675 1537 oblationum
698 1509 727 1538 et
749 1506 1042 1538 anniversariorum
1064 1517 1160 1546 quam
1183 1506 1390 1546 necroloqium
1414 1505 1548 1546 capituli
1570 1506 1732 1539 habendus
1757 1508 1808 1539 sit.

153 1555 204 1588 De
217 1566 278 1597 quo
294 1556 393 1588 latius
409 1557 541 1596 exposui
555 1557 662 1588 Neues
672 1558 793 1589 Archiv
804 1557 909 1589 XXX
915 1558 948 1597 V,
961 1560 1025 1589 736
1035 1569 1099 1598 sqq.
1139 1558 1202 1599 Qui
1217 1558 1294 1590 liber
1308 1558 1359 1589 hie
1367 1558 1513 1598 primum
1528 1558 1564 1589 in
1579 1558 1677 1590 lucem
1692 1559 1807 1591 editur.

260 1607 362 1640 Codex
384 1609 458 1647 ipse,
481 1609 538 1649 qui
559 1619 580 1639 a
598 1609 699 1640 variis
710 1608 918 1642 'librariorum
934 1610 1081 1642 manibus
1096 1620 1192 1650 usque
1207 1610 1251 1641 ad
1265 1610 1386 1641 saeculi
1402 1611 1452 1641 16.
1469 1610 1589 1641 exitum
1604 1611 1810 1643 continuatus

151 1662 205 1699 est,
229 1670 250 1691 a
264 1660 433 1700 fundatore
449 1660 516 1700 ipso
531 1660 624 1692 iuxta
639 1661 775 1700 capituli
790 1662 994 1694 traditionem
1009 1662 1084 1693 kuic
1099 1662 1135 1693 in
1150 1662 1253 1701 ipsius
1261 1662 1452 1702 primordiis
1467 1662 1603 1693 donatus
1618 1673 1682 1694 esse
1696 1662 1808 1702 fertur.

255 1711 395 1743 Manum
417 1712 558 1743 auctoris
578 1722 657 1743 saec.
676 1713 725 1744 14.
735 1713 879 1753 primam
902 1713 1017 1745 litteris
1039 1714 1213 1745 maioribus
1236 1713 1335 1745 latius
1357 1714 1528 1753 dispositis,
1558 1714 1810 1746 continuationes

150 1773 230 1795 saec.
248 1765 299 1795 14.
321 1763 435 1795 litteris
457 1763 631 1795 maioribus
653 1763 752 1796 latius
773 1765 936 1805 dispositis
957 1766 1050 1797 uncis
1074 1765 1220 1804 inclusis,
1250 1766 1501 1797 continuationes
1523 1776 1603 1797 saec.
1621 1766 1671 1797 15.
1694 1766 1810 1798 litteris

150 1815 338 1854 maioribus,
368 1815 621 1847 continuationes
646 1826 727 1847 saec.
745 1816 796 1848 16.
818 1817 974 1855 ineuntis,
1005 1828 1043 1849 esc
1070 1817 1185 1858 quibus
1207 1827 1244 1849 ea
1267 1820 1402 1855 tantum,
1431 1827 1512 1857 quae
1534 1818 1642 1857 maqni
1663 1818 1810 1849 momenti

149 1877 214 1898 esse
235 1866 392 1905 videntur,
416 1866 517 1907 seleyi,
541 1866 655 1899 litteris
677 1868 810 1900 minutis
832 1869 1072 1910 distinyuendas
1095 1869 1214 1900 curavi.

252 1919 312 1950 Ius
325 1918 438 1959 fasque
457 1921 510 1956 est,
534 1921 571 1950 ut
586 1919 728 1958 capitulo
742 1920 979 1960 metrwolitano
996 1920 1226 1952 Vindobonensi
1240 1920 1411 1952 venerabili
1418 1921 1652 1961 praecipueque
1661 1920 1808 1960 praelato

148 1970 331 2008 clarissimo,
355 1971 474 2002 doctori
488 1970 696 2003 Ferdinando
715 1971 874 2010 Wimmer,
898 1972 1051 2004 tabularii
1066 1972 1200 2012 capituli
1215 1973 1337 2004 custodi
1352 1973 1475 2012 optimo,
1497 1973 1554 2012 qui
1569 1973 1672 2004 codice
1689 1972 1807 2004 Vindo-

148 2021 246 2054 bonae
267 2022 378 2054 utendi
400 2022 529 2054 libenter
552 2022 709 2055 licentium
731 2023 810 2059 mibi
826 2024 1050 2065 permiserunt,
1073 2024 1129 2056 hoc
1151 2034 1271 2064 quoque
1293 2023 1355 2055 loeo
1375 2024 1500 2064 qratias
1521 2034 1614 2064 aqam
1637 2024 1765 2056 debitas.

251 2168 323 2200 Hic
351 2169 487 2210 incipit
514 2169 647 2200 tabula
669 2172 917 2211 mortuorum,
947 2180 1014 2211 pro
1039 2180 1195 2212 quorum
1219 2170 1343 2202 salute
1367 2170 1475 2202 nobis
1499 2170 1727 2202 eternaliter
1750 2174 1807 2203 est

151 2220 333 2252 orandum
357 2221 531 2262 etprimo
554 2231 621 2262 pro
644 2226 684 2252 n⁰
709 2221 748 2252 d⁰
770 2222 958 2263 principe,
983 2221 1022 2253 d⁰
1047 2221 1140 2253 duee
1156 2222 1367 2264 Alberto¹)‚
1388 2227 1427 2264 p⁰
1443 2222 1474 2253 ῐιἰ
1492 2222 1718 2260 fundatoris,
1744 2223 1807 2264 qui

148 2283 176 2304 a.
194 2271 224 2304 d.
246 2274 356 2312 1358,
379 2272 485 2304 XIII.
501 2272 574 2304 kal.
592 2273 756 2314 Augusti
780 2273 849 2314 ob„
874 2273 929 2315 ιη’)
975 2272 1083 2315 [Item
1107 2274 1280 2315 prefatus
1302 2285 1332 2305 n.
1353 2274 1542 2315 fundator⁷
1567 2273 1642 2305 dux
1664 2274 1805 2306 Rudol-

149 2323 247 2365 fus2)
271 2323 327 2355 ob.
346 2335 373 2355 a.
391 2324 421 2355 d.
444 2326 536 2356 1365
561 2324 623 2355 die
647 2326 702 2355 27.
719 2326 858 2356 mensis
881 2325 982 2356 Iulii.
1031 2325 1129 2357 Item
1157 2325 1231 2356 dux
1253 2325 1510 2368 Leupoldus³)
1534 2326 1682 2357 occisus
1707 2329 1764 2357 est
1787 2337 1806 2357 a

148 2374 411 2408 Sweeensibus
438 2386 466 2407 a.
490 2377 584 2408 1386
615 2377 716 2408 cirea
745 2376 883 2408 festum
906 2376 1171 2419 Margareteb).
1222 2377 1318 2409 Item
1342 2377 1417 2408 dux
1438 2377 1667 2419 Albertus4)‚
1698 2381 1735 2409 et
1763 2377 1804 2409 fr.

147 2426 378 2467 fundatoris,
402 2427 457 2459 ob.
475 2437 503 2458 a.
521 2426 551 2458 d.
571 2429 665 2459 1395
690 2427 750 2459 die
775 2429 830 2460 29.
847 2429 988 2459 mensis
1011 2429 1183 2470 Augusti.

251 2520 276 2554 ⁸)
295 2521 458 2547 Praecedem
473 2522 562 2547 titulun
577 2523 662 2548 colore
673 2523 753 2548 rubro
766 2524 793 2548 in
805 2524 870 2556 folio
879 2523 966 2555 priori
978 2524 1072 2549 codicia
1085 2528 1224 2556 tequmento
1237 2523 1397 2556 agglutinato
1409 2523 1551 2556 descriptus
1563 2529 1605 2550 est.
1692 2523 1717 2556 Β)
1738 2523 1804 2550 Sub-

146 2565 270 2596 sequentia
291 2565 413 2596 temporie
434 2573 527 2590 manue
544 2569 665 2590 annotat:
689 2566 808 2591 videlieet
829 2569 851 2591 7.
870 2566 966 2599 (potius
987 2566 1013 2599 9)
1036 2567 1076 2592 die
1103 2567 1197 2592 mensis
1215 2567 1276 2591 Iulii
1298 2575 1377 2599 prope
1395 2567 1519 2599 Sempach
1542 2571 1567 2592 et
1588 2567 1615 2592 in
1633 2567 1803 2600 Chuuigsseld

146 2607 272 2640 sepultus.
307 2608 372 2632 Item
390 2608 443 2633 dux
455 2608 586 2639 Albertus,
604 2609 640 2634 fil.
653 2607 748 2641 (potino
766 2608 856 2642 nepos)
875 2610 989 2635 eiusdem
1009 2610 1116 2642 Alberti,
1135 2615 1206 2635 ortus
1221 2612 1286 2635 137⁷
1306 2610 1397 2642 vigilia
1416 2610 1514 2635 Mathei
1531 2610 1690 2643 evangeliste
1706 2611 1747 2636 ob.
1761 2613 1802 2636 27.

146 2651 243 2676 mensis
254 2651 373 2676 Octobris
392 2659 415 2676 a.
428 2651 452 2677 d.
464 2653 537 2677 1439.
573 2651 624 2676 Hie
645 2652 695 2677 fuit
712 2661 763 2677 non
782 2653 864 2678 solum
883 2653 1011 2678 maximus
1030 2654 1122 2685 fautor,
1141 2653 1185 2678 sed
1204 2653 1280 2678 etiam
1299 2653 1471 2678 amicissimus
1489 2661 1519 2678 ae
1538 2653 1702 2679 fidelissimus
1719 2654 1802 2679 tocius

148 2692 220 2718 cleri.
254 2694 294 2718 D·
311 2694 416 2719 Beatrix
434 2697 472 2719 tnr
489 2694 545 2720 eius
563 2695 604 2719 ob.
620 2697 659 2720 10.
673 2695 713 2720 die
731 2696 799 2720 Iunii
820 2698 895 2721 1414.

213 2759 276 2829 1123
290 2760 416 2787 Albanus
428 2761 476 2794 11.,
498 2761 621 2788 Claudus
640 2763 850 2796 eomiominatus.
958 2764 978 2796 ²)
998 2762 1138 2797 Rudolfus
1151 2763 1201 2790 IV.
1215 2763 1273 2789 dux
1285 2763 1422 2790 Austriae.
1528 2764 1549 2796 ⁵)
1568 2763 1720 2798 Leopoldus
1738 2763 1800 2791 III.

147 2803 168 2836 ⁴)
187 2803 212 2829 A
276 2811 309 2829 us
327 2803 384 2830 ΙΙΙ.
