2150 3178
314 182 439 210 NOTAE
456 181 504 209 DE
521 181 715 209 SEPULCRIS
733 181 886 209 PATRUM
904 181 1081 209 MINORUM
1099 181 1149 209 AD
1167 181 1192 209 S.
1207 181 1355 210 CRUCEM
1374 181 1624 210 VINDOBONAE.
1736 186 1796 216 199

246 269 284 301 In
307 269 423 301 eodem
446 268 617 310 sepulchro
639 268 812 310 Herwigus
834 267 1088 300 Chrotendorfer
1110 268 1188 308 mil.,
1213 268 1264 301 ob.
1285 271 1376 302 1350.

245 320 418 363 Sepultura
446 320 564 353 nobilis
594 319 624 351 di
650 320 683 351 in
709 319 851 352 secundo
879 319 1049 361 sepulchro
1078 319 1137 351 sub
1166 320 1275 362 lapide
1302 322 1516 363 marmoreo·)
1546 321 1576 352 di
1597 321 1725 353 Nicolai
1755 322 1795 353 de

140 372 292 405 Robertis
315 372 355 404 de
372 372 495 414 Tripoli
518 371 559 404 de
574 371 680 414 Regio
704 372 833 403 civitate
849 370 1054 411 Lambardie‚
1078 371 1130 403 ob.
1147 372 1179 403 in
1203 371 1254 404 die
1271 382 1367 414 pasce
1378 372 1403 414 ¹)
1421 375 1454 404 et
1469 373 1613 414 sepultus
1636 373 1668 404 in
1684 373 1795 405 habitu

141 424 208 456 frum
233 426 325 465 1370,
348 423 439 456 XIV.
457 423 509 455 die
532 424 650 455 mensis
672 422 804 465 Aprilis,
827 422 883 454 ubi
906 422 1014 455 littera
1037 422 1107 464 V.¹>)

110 487 122 507 ι
243 475 282 507 In
305 476 405 507 tercio
429 475 598 517 sepulchro
622 474 681 507 sub
704 474 848 517 lapide‘)
870 485 1062 515 marmoreo,
1085 474 1142 506 ubi
1164 474 1272 506 littera
1287 475 1365 517 Xb),
1389 475 1532 517 sepultus
1549 479 1599 508 est
1614 476 1644 508 d.
1662 476 1795 517 Ioh(an-

141 527 245 569 nes)⁰)
270 527 310 558 de
334 527 415 559 Tule
438 527 479 558 de
503 526 622 559 ducatu
645 526 767 567 Gelrie,
791 525 840 558 ob.
861 527 952 567 1342,
976 526 1037 558 III.
1054 536 1127 557 non.
1144 526 1274 568 Aprilis.

116 574 119 576 ’
244 578 416 620 Sepultura
439 578 700 610 Maltzchastonis
710 578 737 619 ¹¹)
761 577 790 609 di
812 577 968 617 Hainrici‚
998 577 1082 620 mag*
1105 588 1233 610 camere
1258 578 1287 609 d.i
1311 578 1400 610 ducis
1423 578 1550 611 Alberti
1560 579 1598 621 2),
1631 579 1682 612 ob.
1703 582 1794 620 1353,

141 629 195 661 ubi
218 629 326 661 littera
349 629 421 672 Y.¹²)

243 681 331 713 Infra
364 682 451 713 idem
485 681 690 724 sepulchrum
723 681 841 723 sepulti
875 684 949 712 sunt
982 680 1082 723 aliqui
1114 681 1276 713 custodes:
1312 681 1350 713 fr.
1378 682 1505 714 Ulricus
1540 682 1580 714 de
1613 683 1722 722 Leizz,
1757 683 1794 715 fr.

97 744 123 764 ιο
140 732 348 773 Lambertus,
386 733 423 764 fr.
450 732 625 773 Dietricus,
663 733 783 765 dudum
821 734 909 773 min‘,
949 733 986 765 fr.
1013 732 1142 775 Rapoto
1177 733 1218 765 de
1254 734 1378 772 Anaso,
1412 733 1577 766 confessor
1611 734 1640 765 di
1671 735 1796 767 Alberti

142 784 241 825 ducis,
263 785 330 824 ΖΡ)

242 835 449 868 Revertendo
478 835 520 868 ad
549 835 726 868 concellum
756 839 830 868 ante
859 835 961 867 altare
985 835 1014 867 b.
1034 835 1143 868 Georii
1171 837 1309 868 martiris
1337 836 1482 878 sepultus
1505 837 1535 869 d.
1553 836 1723 869 Scheneko
1754 838 1794 870 de

140 888 255 930 Lippa,
279 888 329 920 ob.
350 889 441 928 1318,
465 887 539 920 VII.
556 887 621 920 kal.
639 887 849 929 Septembris,
872 887 927 919 ubi
951 887 1058 919 littera
1082 888 1152 930 ΑΡ)

244 939 310 972 Sub
337 939 477 971 secundo
507 939 615 981 lapide
644 939 734 971 iuxta
756 949 942 980 scampnum
972 942 1022 971 est
1044 940 1208 981 sepultura
1232 938 1261 971 d.i
1285 938 1384 971 Ulrici
1407 940 1447 972 de
1472 940 1712 983 Ohlingwerch,
1743 941 1794 973 ob.

100 1003 124 1023 15
148 993 239 1033 1316,
263 992 303 1023 Χ.
321 992 385 1023 kal.
403 990 612 1033 Septembris

243 1044 280 1075 In
309 1043 424 1075 eodem
451 1042 658 1085 sepulchrod)
686 1042 728 1074 fil.
751 1053 826 1074 suus
850 1042 879 1075 d.
897 1042 1069 1075 Hainricus
1092 1043 1134 1075 de
1158 1043 1389 1086 Ohlingberch,
1420 1043 1470 1075 ob.
1492 1046 1587 1085 1303,
1618 1044 1712 1076 XIII.
1729 1044 1794 1076 kal.

140 1094 350 1137 Septembris,
374 1095 429 1126 ubi
452 1094 559 1127 littera
582 1094 651 1136 ΒΡ)

242 1146 373 1188 quta⁶)
400 1146 606 1188 sepulchrum
634 1146 720 1178 d⁰¹⁰¹¹²
748 1146 788 1178 de
811 1146 994 1178 Pilichdorf
1018 1150 1067 1178 est
1094 1146 1259 1188 sepultura
1286 1147 1317 1178 in
1346 1147 1487 1179 secundo
1514 1147 1626 1179 ordine
1649 1147 1794 1189 lapidum

140 1198 169 1230 di
191 1199 353 1240 Dietegen
377 1198 417 1230 de
441 1197 553 1230 chastl
576 1197 617 1230 de
640 1197 822 1241 Babaria‘),
846 1198 897 1230 ob.
918 1198 1045 1240 13138),
1070 1198 1110 1230 V.
1127 1198 1169 1231 id.
1186 1198 1388 1238 Decembris,
1411 1199 1466 1230 ubi
1490 1199 1597 1231 littera
1620 1198 1687 1241 ΟΡ)

95 1259 121 1281 2⁰
242 1251 280 1282 In
303 1250 442 1282 secundo
466 1249 650 1292 sepulchro,
680 1250 734 1282 ubi
757 1250 865 1282 littera
888 1250 932 1291 D,
957 1250 1100 1292 sepultus
1124 1253 1174 1282 est
1196 1250 1226 1282 d.
1244 1250 1434 1282 chunradus
1457 1250 1561 1282 dictus
1583 1251 1748 1283 Harwune
1758 1251 1794 1293 ³),

139 1302 192 1335 ob.
213 1304 303 1343 1319,
327 1302 367 1334 V.
383 1302 450 1334 kal.
463 1302 593 1343 Aprilis.

240 1354 279 1386 In
313 1354 414 1386 tercio
447 1354 616 1397 sepulchro
651 1354 740 1386 iuxta
773 1365 901 1386 murum
934 1354 1101 1396 sepultura
1134 1354 1220 1385 d⁰¹s¹¹m
1254 1353 1295 1386 de
1330 1353 1605 1396 Chranichperch,
1644 1354 1673 1385 di
1707 1354 1793 1386 Rue-

139 1405 216 1437 dolfi
248 1409 281 1438 et
312 1406 369 1438 filii
400 1407 448 1438 sui
478 1409 510 1438 et
543 1406 578 1437 (1Θ
606 1405 719 1447 Soffie,
754 1416 817 1448 que
850 1406 911 1438 fuit
941 1417 993 1438 ux.
1020 1405 1050 1437 di
1079 1405 1243 1446 Ruedolfi,
1278 1405 1338 1437 sub
1370 1405 1479 1447 lapide
1509 1415 1705 1446 marmoreo,
1740 1405 1795 1437 ubi

138 1457 246 1490 littera
268 1457 337 1499 Est)

96 1517 121 1538 25
242 1509 280 1541 In
308 1513 422 1551 quarto
451 1509 563 1541 ordine
587 1509 731 1552 lapidum
754 1510 845 1541 iuxta
868 1509 1073 1552 sepulchrum
1098 1509 1184 1541 d⁰¹¹¹¹¹¹
1207 1509 1248 1542 de
1269 1509 1453 1541 Pilichdorf
1472 1509 1502 1541 d.
1520 1509 1730 1542 Marchardus
1754 1510 1794 1542 de

138 1560 367 1602 Hakenberch,
391 1561 445 1593 ubi
468 1572 532 1593 non
555 1564 604 1593 est
626 1561 719 1603 lapis,
742 1561 798 1593 ubi
821 1562 981 1594 invenitur
1002 1562 1112 1594 littera
1135 1562 1207 1603 Cb),
1231 1561 1282 1593 ob.
1299 1561 1393 1593 XIII.
1410 1561 1474 1593 kal.
1491 1561 1620 1604 Aprilis.

241 1613 279 1644 In
295 1613 435 1645 secundo
452 1613 622 1655 sepulchro
640 1613 700 1645 sub
716 1612 824 1655 lapide
841 1623 1022 1645 marmoreo
1039 1613 1070 1645 d.
1087 1613 1278 1645 Ohunradus
1294 1612 1443 1655 Ungnad,
1468 1613 1520 1645 ob.
1541 1615 1632 1654 1340,
1657 1613 1715 1645 ΙΧ.
1729 1613 1794 1645 kal.

137 1663 338 1705 Decembris,
362 1665 417 1696 ubi
440 1664 548 1697 littera
570 1665 636 1706 w)
783 1672 785 1674 ·

240 1715 336 1747 quta
352 1726 550 1758 scampnum,
572 1716 627 1748 ubi
644 1727 706 1748 non
723 1720 773 1749 est
788 1717 881 1759 lapis,
905 1717 935 1749 d.
951 1717 1143 1749 Chunradus
1159 1717 1199 1749 de
1215 1716 1440 1756 Ekkartzawe,
1464 1717 1516 1749 ob.
1537 1719 1628 1757 1340,
1653 1717 1711 1749 XI.
1728 1717 1793 1749 kal.

95 1778 120 1798 ³0
138 1766 330 1799 Novembris
340 1768 377 1810 ⁴),
401 1768 456 1800 ubi
478 1768 586 1800 littera
609 1768 679 1811 GP)

241 1818 277 1850 In
302 1819 418 1851 eodem
442 1820 612 1862 sepulchro
635 1820 671 1852 d·
694 1820 842 1853 Elizabet
865 1820 1174 1862 Pawngartnerinna
1201 1823 1292 1853 1300.

242 1869 382 1913 [Ibidem
407 1871 437 1903 d.
455 1871 642 1904 Ohadoldus
665 1872 706 1904 de
729 1873 948 1915 Paungarten,
973 1872 1025 1904 ob.
1045 1874 1138 1914 1300,
1161 1872 1255 1904 VIII.
1272 1872 1313 1904 id.
1331 1872 1461 1914 Aprilis.

241 1922 278 1954 In
302 1923 419 1955 eodem
441 1924 612 1966 sepulchro
636 1924 665 1956 d.
682 1924 865 1956 Fridericus
887 1925 1122 1967 Paungartner,
1147 1924 1198 1956 ob.
1218 1926 1310 1966 1365,
1334 1925 1390 1957 VI.
1408 1924 1450 1956 id.
1467 1924 1612 1966 Aprilis]

241 1974 278 2005 In
308 1979 420 2016 quarto
449 1975 560 2007 ordine
588 1975 732 2018 lapidum
760 1977 851 2008 iuxta
877 1976 978 2008 altare
1001 1976 1263 2008 Maltzchastonis
1289 1976 1433 2018 sepultus
1461 1976 1546 2017 esth)
1571 1975 1611 2008 de
1635 1975 1793 2008 Sachsen-

95 2035 119 2056 ³5
138 2034 255 2067 gange,
278 2025 333 2057 ubi
357 2026 464 2059 littera
486 2027 567 2069 Hb),
591 2027 641 2060 ob.
661 2029 754 2069 1360,
777 2028 817 2059 V.
833 2027 877 2060 id.
894 2028 978 2060 Iulii.

241 2077 453 2119 Sepulchrum
477 2078 511 2110 de
533 2078 681 2111 Elizabet
703 2079 897 2120 Snetzlinne,
921 2079 975 2111 ubi
998 2080 1106 2112 littera
1129 2079 1189 2121 11²),
1221 2079 1272 2111 ob.
1293 2081 1385 2119 1328,
1409 2079 1483 2114 VII.
1500 2079 1565 2111 kal.
1583 2078 1792 2121 Septembris.

241 2128 453 2171 Sepulchrum
476 2130 641 2162 Chunradi
663 2130 894 2173 Eysenpautel,
917 2131 973 2163 ubi
995 2132 1104 2163 littera
1127 2131 1205 2174 Kb),
1229 2131 1280 2163 ob.
1301 2133 1391 2163 1332.

241 2180 451 2223 Sepulchrum
475 2182 637 2215 domicelli
661 2182 789 2215 Ottonis
813 2182 1067 2224 Ottenstainarii,
1090 2182 1144 2215 ubi
1167 2183 1275 2215 littera
1298 2183 1367 2225 L.¹‘)

241 2231 453 2275 Sepulchrum
478 2234 507 2265 di
530 2234 630 2266 Ulrici
652 2234 882 2276 Prueschinch,
905 2235 961 2267 ubi
983 2235 1092 2267 littera
1114 2235 1196 2277 Mb),
1220 2234 1271 2267 ob.
1292 2235 1384 2275 1345,
1407 2234 1513 2267 idibus
1537 2234 1697 2267 Octobris,

94 2295 121 2315 ιο
243 2283 455 2326 Sepulchrum
478 2285 508 2317 di
532 2286 659 2318 Ottonis
683 2285 724 2318 de
740 2286 994 2319 Weizzenberch
1017 2290 1050 2319 et
1072 2297 1128 2319 sue
1152 2286 1226 2327 ux¹⁵,
1250 2286 1305 2318 ubi
1327 2287 1436 2318 littera
1457 2286 1529 2329 NJ)

241 2335 455 2378 Sepulchrum
479 2336 508 2368 d¹
531 2336 632 2369 Ulrici
656 2336 752 2370 Greci
781 2338 821 2370 de
849 2337 1116 2379 Ghernebrunne,
1146 2338 1198 2370 ob.
1219 2338 1280 2370 ΙΙΙ.
1297 2338 1340 2370 id.
1356 2338 1472 2379 Marci,
1502 2338 1558 2371 ubi
1585 2338 1692 2371 littera
1717 2339 1794 2380 0¹¹),

139 2386 259 2420 ibidem
282 2398 335 2420 ux.
353 2391 386 2421 et
408 2389 507 2431 filiast)

244 2517 268 2551 ὓ)
287 2518 449 2544 Praecedens
472 2519 549 2545 haim
570 2524 646 2546 notae
664 2529 731 2553 pare
753 2521 822 2546 linea
845 2521 928 2546 rubra
948 2521 1080 2554 supposita
1097 2521 1224 2546 distincta.
1329 2519 1354 2553 b)
1374 2520 1473 2546 Littera
1491 2521 1576 2546 colore
1592 2520 1670 2545 rubro
1689 2520 1792 2553 scripta.

138 2559 162 2593 θ)
180 2560 280 2587 Nomen
298 2561 381 2587 colore
398 2562 477 2588 rubro
496 2563 647 2596 appositum.
739 2562 765 2596 d)
783 2564 920 2598 sepulchro
933 2577 965 2581 -—
978 2564 1151 2598 Chlingberch
1169 2572 1251 2597 cupra
1269 2564 1352 2590 lomim
1369 2572 1459 2589 rasum
1477 2564 1582 2596 scripta.
1671 2563 1694 2594 ο)
1718 2565 1793 2589 [uxta

95 2610 121 2630 45
139 2616 172 2621 —
190 2604 302 2629 Babaria
322 2612 399 2637 super
422 2605 477 2631 loco
501 2614 562 2631 rato
584 2606 687 2638 scripta.
798 2605 818 2638 r)
837 2607 854 2633 i.
870 2615 891 2632 e.
910 2607 1028 2632 Bavaria.
1134 2607 1159 2639 8)
1178 2607 1358 2640 Necroloqium
1381 2615 1463 2639 cupra
1485 2615 1512 2639 p.
1530 2609 1578 2632 194
1603 2608 1690 2640 affert.-
1719 2608 1793 2632 1318.

139 2645 165 2679 11)
185 2646 304 2679 Sequitur
325 2656 439 2673 erasum:
463 2649 493 2674 fr.
510 2646 535 2674 di
553 2649 684 2675 chunradi
706 2650 736 2676 de
754 2650 961 2683 Sachsengange.
1007 2649 1121 2683 Sequens
1142 2650 1219 2676 huius
1240 2655 1315 2676 notae
1337 2658 1403 2683 pare
1427 2658 1504 2682 super
1529 2650 1584 2676 Ioco
1604 2658 1667 2675 raso
1688 2650 1793 2682 scripta.

64 2702 68 2706 -
137 2688 159 2721 ἰ)
179 2689 299 2722 Sequitur
317 2695 378 2716 nota
396 2691 515 2717 radendo
533 2691 624 2718 deleta.

246 2767 265 2800 ¹)
283 2767 372 2800 April.
386 2771 426 2794 14.
444 2776 469 2794 α.
487 2770 557 2795 1370.
669 2769 689 2802 ²)
708 2768 811 2795 Alberti
828 2767 871 2796 ΙΙ.
895 2769 971 2796 ducis
992 2769 1134 2802 Austriae,
1162 2769 1262 2796 Claudi
1285 2769 1475 2804 cognominati.
1587 2770 1607 2802 ³)
1626 2768 1793 2796 Hoerbunne

140 2808 229 2835 dictus
246 2817 330 2842 supra
344 2817 372 2843 p.
389 2814 442 2837 174.
548 2812 570 2844 ⁴)
589 2810 738 2838 Decembris
752 2812 860 2845 potius,-
878 2814 913 2846 cf.
927 2820 1010 2846 supra
1026 2820 1055 2846 p.
1071 2815 1124 2839 192.
