2150 3178
462 185 703 213 MONUMENTA
721 183 979 213 NEGROLOGICA
999 183 1490 212 CLAUSTRONEOBURGENSIA.
1789 187 1808 216 5

394 386 770 425 NECROLOGIA
802 385 1566 424 CLAUSTRONEOBURGENSIA.

840 485 922 521 IAN
924 485 1118 522 UARIUS.

327 565 385 592 kal.
407 560 508 593 FRS.
533 560 591 603 (A)
614 560 875 602 Engelbertus
899 559 941 592 fr.
957 571 1000 602 n.,
1023 560 1103 602 pbr.
1120 563 1158 591 et
1174 570 1250 591 can.
1293 559 1513 591 Friden'cus
1537 558 1578 592 fr.
1595 570 1636 601 n.,
1661 559 1756 591 diac.
1776 563 1814 592 et

459 623 537 645 can.
582 612 790 645 Alberious
813 613 855 645 fr.
871 624 902 645 11.
920 623 972 645 cv.
1019 611 1246 655 [Haynricus
1265 612 1307 644 fr.
1326 623 1355 644 n.
1373 611 1438 655 cv.]
1482 611 1537 654 (C)
1580 611 1632 655 [D.
1649 612 1814 644 Iohannes

456 664 525 706 pbr.
543 667 577 696 et
592 675 661 696 ean.
678 666 710 696 in
723 665 853 705 Voraw,
877 664 933 697 cfr.
950 676 981 696 n.
1021 664 1062 696 D.
1078 664 1252 696 Hainricus
1274 663 1343 706 pbr.
1360 663 1442 706 prof.
1460 664 1493 694 in
1508 663 1693 696 Mawrbaco
1717 667 1750 696 et
1773 664 1811 696 fr.

456 716 641 759 Agappitus
664 715 733 758 pbr.
750 716 833 758 prof.
850 716 882 747 in
898 716 1193 748 Kremsmuenster.
1238 714 1279 746 D.
1297 715 1439 747 Thomas
1455 714 1581 747 Reezer
1603 715 1673 756 pbr.
1692 719 1726 747 et
1742 726 1811 748 can.

457 768 495 799 fr.
512 767 556 810 n.]
603 772 653 799 Ob.
673 773 700 799 d.
715 773 891 807 Bolfgangus
914 772 978 799 abb.
1001 772 1031 799 in
1055 772 1312 799 Krembsmunster.
1358 772 1390 798 D.
1407 771 1580 798 Laurencius
1602 772 1664 807 pbr.
1683 773 1712 799 et
1735 772 1768 799 fr.
1784 782 1812 799 n.

457 820 600 854 Scheyber
626 820 716 847 1503.

406 867 520 899 FAM.
560 866 619 909 (A)
658 866 870 899 Hedweich
901 866 940 907 1⁵,
979 866 1158 898 tradidit
1191 866 1351 897 vineam.
1416 865 1676 897 Wernhardus
1709 866 1730 897 l.
1767 866 1813 898 de

457 918 675 961 Grintzing,
707 918 816 951 dedit
838 922 919 951 tres
941 919 1076 950 vineas
1106 921 1143 950 et
1172 917 1322 950 curtile.
1368 917 1586 950 Hertwieus
1609 918 1630 950 l.
1669 917 1725 960 (O)
1757 918 1812 950 Io-

456 970 579 1003 hannes
599 971 682 1003 Fux.
729 969 780 1014 [D.
798 970 947 1003 Andreas
969 970 1039 1012 pbr.
1056 970 1139 1012 prof.
1155 969 1251 1002 mon*i
1270 969 1476 1011 Mellicensis‚
1501 970 1556 1002 cfr.
1577 980 1607 1002 n.
1628 980 1657 1002 a.
1674 969 1812 1013 (14)65.]

457 1023 490 1051 D.
507 1023 630 1050 Thomas
653 1023 714 1058 pbr.
737 1025 767 1050 et
786 1023 858 1058 prof.
874 1018 959 1050 monii
979 1022 1160 1050 Mellicensis.
1201 1023 1234 1050 D.
1250 1022 1384 1056 Ypolitus
1404 1022 1465 1057 pbr.
1482 1023 1512 1049 et
1531 1022 1604 1056 prof.
1619 1017 1704 1050 monii
1718 1022 1809 1050 Melli-

458 1067 559 1099 censis,
583 1067 632 1094 cfr.
648 1076 675 1094 n.
694 1068 747 1094 etc.

261 1117 307 1145 IV.
319 1127 385 1146 non.
408 1113 508 1146 FRS.
533 1113 592 1156 (A)
616 1112 848 1157 [Margareta
871 1124 943 1145 sor.
960 1124 990 1145 n.
1009 1112 1091 1156 ον’]
1129 1112 1185 1155 (Ο)
1222 1112 1274 1155 [D.
1292 1113 1449 1144 Martinus
1473 1123 1541 1144 can.
1566 1113 1598 1144 in
1619 1112 1813 1155 Tiernstain,

456 1165 526 1208 pbr.
543 1166 599 1198 cfr.
617 1177 647 1197 n.
664 1165 874 1208 Margaretha
897 1176 958 1197 sor.
980 1177 1010 1197 n.
1034 1166 1066 1197 in
1090 1164 1247 1197 Gotwico.
1297 1164 1351 1196 Fr.
1368 1164 1507 1196 Georius
1534 1164 1624 1206 dyac.
1652 1165 1685 1196 in
1709 1165 1812 1196 Trun-

456 1218 539 1249 stain
546 1217 585 1260 ⁵),
602 1217 640 1249 fr.
652 1228 682 1249 11.
714 1217 755 1249 D.
768 1217 930 1250 Iohannes
946 1217 986 1250 de
998 1217 1222 1259 Roesenberg,
1240 1216 1323 1258 prof.
1337 1216 1378 1248 ad
1391 1216 1424 1249 S.
1435 1216 1659 1260 Dorotheam.]
1692 1222 1725 1249 D.
1733 1222 1812 1249 War-

457 1269 628 1303 tholomeus,
651 1269 712 1304 pbr.
728 1270 801 1304 prof.
817 1270 846 1296 in
863 1270 1028 1305 Witingaw,
1053 1270 1102 1297 cfr.
1118 1279 1146 1296 n.
1191 1269 1316 1296 eristina
1339 1269 1388 1296 cva
1408 1278 1463 1296 sor.
1479 1278 1507 1296 n.

403 1316 517 1348 ΕΔΜ.
549 1316 609 1359 (A)
637 1317 842 1349 Theodora
871 1328 930 1349 ux.
954 1317 1134 1349 Heinrici
1162 1316 1270 1348 ducis
1298 1316 1356 1348 ob.
1406 1315 1562 1348 Ulricus
1591 1316 1638 1348 de
1666 1316 1812 1358 Parow,

457 1368 567 1401 dedit
589 1370 740 1401 vineam
765 1373 805 1401 et
828 1370 974 1401 curtim.
1010 1369 1066 1411 (G)
1101 1368 1200 1411 [Mag.
1224 1368 1425 1410 Pangracius
1449 1367 1615 1410 Pirpaum,
1642 1368 1713 1410 pbr.
1730 1368 1812 1410 prof.

456 1421 489 1452 in
511 1420 722 1453 Ronshoffen.
768 1421 930 1463 Georgius
953 1421 1208 1463 Hertzoburger,
1231 1420 1301 1462 pbr.
1319 1419 1400 1461 prof.
1426 1420 1458 1451 in
1481 1418 1676 1462 Fornpach.]

182 1496 188 1503 .
254 1476 381 1504 HLnon.
404 1472 502 1505 FRS.
526 1472 586 1515 (A)
608 1472 862 1515 Marquardus
878 1477 1036 1515 quartus
1059 1473 1090 1504 h.
1107 1473 1127 1504 l.
1144 1483 1250 1514 ppos.
1290 1471 1546 1503 Gotschalcus
1566 1482 1617 1504 cv.
1652 1472 1813 1503 Liukar-

459 1524 515 1555 dis
540 1529 602 1556 cv·
624 1535 746 1556 sor.n.
792 1524 974 1556 Alheidis
998 1530 1053 1556 cv·
1078 1535 1150 1556 sor.
1167 1535 1197 1556 n.
1248 1522 1572 1555 Gerdrudis‘0v2.
1622 1523 1814 1555 Herbordus

458 1580 579 1617 custos,
611 1577 680 1619 pbr.
707 1580 740 1609 et
766 1587 851 1617 cam,
883 1577 938 1609 cfr.
955 1588 986 1608 n.
1004 1576 1044 1608 de
1062 1576 1190 1608 Varaw.
1238 1575 1292 1618 (C)
1330 1575 1503 1618 [Iohannes
1526 1576 1546 1607 l.
1564 1586 1627 1616 cv.‚
1658 1576 1695 1607 fr.
1712 1587 1743 1607 n.
1759 1575 1813 1607 Io-

458 1628 582 1660 hannes
605 1629 645 1660 de
660 1628 854 1671 Merlingen,
877 1639 946 1660 can.
965 1629 1002 1660 fr.
1018 1639 1049 1660 n.
1088 1628 1250 1660 Iohannes
1273 1628 1311 1659 fr.
1329 1638 1377 1659 cv.
1395 1631 1428 1659 et
1443 1627 1524 1670 prof.
1542 1629 1574 1659 in
1590 1628 1689 1659 111011ἰο
1705 1628 1813 1659 Maur-

458 1680 598 1713 bacensi.
648 1681 689 1712 D.
707 1680 847 1713 Georius
870 1681 939 1722 prb.
962 1680 1043 1722 prof.
1066 1680 1158 1712 monii
1182 1680 1404 1712 Gotwicensis.
1457 1680 1497 1712 D.
1518 1680 1684 1722 Rupertus
1712 1680 1813 1722 Karg,

457 1732 527 1774 pbr.
548 1736 582 1764 et
604 1733 686 1774 prof.
703 1733 798 1764 monii
821 1733 1073 1765 Noveeellensis.
1120 1732 1160 1764 D.
1177 1732 1340 1764 Iohannes
1356 1733 1447 1774 Verg
1470 1732 1540 1774 pbr.
1563 1735 1595 1764 et
1618 1732 1700 1774 prof.
1721 1732 1815 1764 monii

456 1783 709 1816 Novecellensis.
745 1784 787 1817 D.
800 1785 921 1817 Paulus
938 1785 1007 1827 pbr.
1025 1788 1059 1816 et
1075 1785 1156 1827 prof.
1174 1786 1206 1816 in
1219 1784 1429 1827 Witingnaw,
1447 1784 1502 1816 cfr.
1516 1795 1546 1817 n.
1585 1784 1637 1817 Fr.
1652 1785 1815 1817 Iohannes

458 1835 527 1878 pbr.
549 1837 631 1878 prof.
655 1837 749 1868 monii
773 1835 942 1869 Scotorum
959 1837 1109 1868 Wienne.
1161 1836 1222 1868 Ob.
1241 1837 1271 1868 d.
1289 1836 1432 1868 Thomas
1459 1836 1533 1868 abb.
1554 1836 1648 1868 monii
1670 1836 1813 1868 Lamba-

458 1888 562 1920 censis
584 1887 710 1930 (14)74.
759 1888 965 1930 Kunigundis
987 1888 1267 1920 Hahenhaimerin
1290 1888 1377 1930 prof*
1400 1889 1431 1919 in
1455 1887 1611 1928 Wienna,
1641 1898 1765 1919 consor.
1782 1899 1813 1919 n.

456 1939 497 1971 D.
510 1939 759 1983 Wolfg(angus)
775 1940 915 1972 Kloeckl
938 1940 1009 1982 pbr.
1027 1943 1060 1973 et
1078 1951 1148 1972 ean.
1164 1940 1196 1971 h.
1212 1951 1254 1972 m.
1273 1939 1396 1982 (14)87.
1443 1940 1483 1972 D.
1501 1940 1605 1971 Iorius
1621 1939 1815 1972 Stockamer

458 1992 565 2023 senior
588 1995 621 2024 et
644 2002 713 2024 ean.
730 1992 762 2024 h.
778 2003 820 2024 m.
841 1991 977 2035 (14)88.]

405 2042 519 2076 FAM.
551 2043 611 2086 (Α)
640 2043 752 2086 Hugo
784 2044 828 2076 de
852 2044 1014 2076 Hausek
1037 2043 1056 2076 l.
1079 2043 1135 2076 ob.
1184 2043 1408 2076 Gerhardus
1430 2053 1472 2075 m.
1489 2043 1635 2075 Berhta
1657 2042 1731 2074 m¹¹·
1755 2042 1811 2075 ob.

456 2095 636 2137 Eglolfus
658 2095 695 2136 1.,
723 2096 784 2128 hic
807 2096 916 2128 dedit
938 2095 1112 2138 predium
1136 2095 1435 2137 Praytenvelde.
1481 2094 1532 2126 D⁸
1554 2094 1744 2136 Elyzabet
1767 2094 1812 2127 de

459 2147 710 2188 Aesterbach,
741 2147 850 2179 dedit
879 2147 1046 2180 ecclesie
1079 2150 1121 2179 14
1151 2148 1287 2189 iugera
1316 2147 1520 2189 lignorum.
1560 2147 1618 2189 (B)
1652 2145 1814 2190 [Andreas

459 2198 587 2230 Kerner
603 2198 643 2231 de
659 2199 802 2240 Prunna,
819 2198 909 2231 dedit
924 2198 1082 2241 bibliam}
1111 2198 1166 2241 (O)
1189 2198 1370 2243 [Dorothea
1385 2204 1448 2240 ον’,
1472 2209 1533 2231 sor.
1547 2210 1576 2230 n.
1614 2199 1765 2230 Andreas
1780 2198 1812 2240 l.‚

459 2250 588 2283 Ulricus
610 2251 793 2294 Predinger
815 2251 844 2283 li.
884 2250 1054 2283 Elizabeth
1071 2250 1245 2283 Tannczlin
1267 2250 1302 2282 1¹¹.
1342 2250 1480 2282 Georius
1497 2251 1643 2282 Murator
1665 2250 1700 2293 l.]
1739 2255 1772 2282 A.
1786 2255 1813 2282 d.

463 2303 542 2330 1501
561 2303 607 2331 ob.
622 2303 649 2330 d.
663 2303 804 2338 Caspai-us
815 2303 881 2331 Puff
893 2303 995 2336 senior,
1011 2303 1073 2338 pbr.
1085 2304 1112 2331 h.
1125 2313 1162 2330 m.
1196 2303 1229 2330 A.
1241 2303 1268 2330 d.
1284 2303 1363 2330 1521
1383 2303 1427 2330 ob.
1440 2312 1467 2338 p.
1479 2303 1505 2330 d.
1519 2303 1678 2338 Leopoldus
1690 2303 1812 2337 Maydel,

460 2346 522 2381 pbr.
537 2347 565 2374 h.
581 2356 618 2374 m.

272 2398 307 2426 H.
319 2407 385 2426 non.
407 2393 507 2426 FRS.
532 2393 591 2436 (A)
614 2394 800 2426 Nicolaus
816 2394 847 2426 h.
864 2393 885 2425 l.
901 2404 1017 2435 ppos„
1034 2393 1076 2425 fr.
1088 2392 1150 2435 nst’)
1186 2391 1351 2436 [Ulrieus
1368 2393 1495 2425 dictus
1510 2393 1715 2435 Haespech
1732 2392 1811 2435 pbr.

458 2449 498 2478 et
520 2456 614 2488 can„
638 2446 681 2478 fr.
701 2444 744 2489 n.]
782 2445 839 2488 (B)
869 2444 1079 2489 [Hernandus
1100 2445 1172 2487 pbr.
1189 2445 1230 2477 de
1251 2445 1448 2487 Mawrbach,
1472 2445 1510 2477 fr.
1523 2444 1566 2489 n.]
1604 2445 1660 2488 (O)
1693 2444 1811 2488 [Wolf-

459 2509 584 2541 gangus
614 2509 657 2530 ex
685 2498 787 2530 111011ἱο
814 2496 1140 2541 Unders(torffensi).]
1194 2502 1263 2530 Rev.
1279 2512 1306 2538 p.
1321 2503 1445 2530 Michael
1468 2502 1568 2530 Lerich
1591 2502 1655 2530 abb.
1678 2502 1709 2529 in
1732 2502 1811 2529 Lam-

459 2551 532 2578 bach
552 2551 657 2578 1535..

404 2597 518 2630 FAM.
550 2597 608 2639 (A)
639 2597 799 2629 Mahtilt
827 2596 912 2628 mm.
962 2596 1058 2629 Otto
1085 2608 1128 2629 m.
1177 2596 1380 2639 Engelhilt
1402 2597 1442 2629 1³.
1492 2597 1698 2629 Heinricus
1728 2606 1811 2638 pre—

458 2650 585 2681 fectus
613 2650 922 2691 Ratisponensis.
973 2649 1168 2691 Nyeolaus
1198 2659 1305 2691 puer.
1359 2648 1564 2681 Ludwious
1593 2648 1614 2680 l.
1668 2647 1746 2691 [Ob.
1775 2650 1813 2679 et

458 2701 526 2732 alii
550 2701 693 2733 fideles
718 2700 914 2744 Christi.⁰)]

254 2821 278 2855 Ι)
299 2821 418 2855 Gorriye:
436 2822 577 2848 Tirnmin.
683 2822 708 2856 b)
727 2823 798 2849 Nota
816 2824 900 2849 colore
917 2824 997 2849 rubro
1015 2823 1120 2856 scripta.
1226 2822 1250 2857 Β)
1268 2823 1339 2849 Nota
1357 2831 1434 2856 smper
1453 2823 1508 2849 loco
1526 2830 1587 2848 raao
1606 2822 1712 2855 scripta.
