2150 3178
83 665 109 684 10

84 880 109 900 1⁸

83 1311 108 1331 25

84 1526 110 1547 8⁰

84 1742 110 1762 ³5

86 2174 111 2193 4⁵

89 2691 112 2710 55

246 183 414 213 ROTULUS
431 183 584 212 NECROL.
598 183 772 212 COENOBII
790 182 922 210 FRATR.
936 182 1066 210 MINOR.
1080 182 1307 212 OBSERVANT.
1321 184 1657 214 EGGENBURGENSIS.
1718 190 1784 221 439

126 270 263 298 Pacificas
281 279 336 298 sac.
354 270 486 304 antiquus
504 269 534 296 in
552 269 664 303 Graecz,
689 269 738 297 cfr.
752 268 925 297 Oristofferus
943 269 962 296 1.
979 270 1069 296 sartor
1087 269 1277 305 Radegundis‚
1303 270 1352 298 cfr.
1365 271 1494 298 Erasmus
1513 280 1567 299 sac.
1581 273 1708 306 Wienne,
1733 275 1781 302 cfr.

128 313 266 341 Martinus
287 313 307 340 1.
325 313 404 341 faber
425 313 615 347 Newnburge,
645 313 693 340 cfr.
706 313 842 340 Iohannes
867 312 902 339 de
920 312 1022 340 Cubito
1046 321 1101 339 sac.
1115 312 1308 348 Radegundis,
1336 314 1385 341 cfr.
1397 314 1522 342 Andreas
1541 315 1559 342 1.
1572 315 1705 350 Wienne,
1733 318 1781 345 cfr.

127 357 269 391 Rupertus
286 356 305 384 l.
318 355 474 391 einpintter
492 355 619 386 Wienne,
645 356 694 383 cfr.
706 356 831 383 Andreas
849 364 903 382 sac.
917 355 946 382 in
965 355 1074 382 Fridaw
1083 356 1112 389 ¹),
1138 356 1185 382 cfr.
1200 356 1339 394 Iohannes
1356 357 1390 384 de
1409 357 1566 385 Franconia
1584 368 1639 386 sac.
1653 360 1784 394 Wienne,

128 400 176 427 cfr.
189 399 312 426 Mathias
337 407 392 426 sac.
405 398 539 432 antiquus
556 397 690 430 Wienne,
719 399 767 425 cfr.
782 398 919 434 Virgilius
941 407 997 426 sac.
1013 398 1043 425 in
1061 397 1178 430 Graecz,
1205 399 1254 426 cfr.
1267 399 1445 438 Leonliardus
1466 409 1520 427 sac.
1542 401 1571 428 in
1590 402 1704 435 Graecz,
1733 405 1783 431 cfr.

129 442 335 470 Bernhardinus
353 450 409 469 sac.
421 450 539 477 magnus
553 441 681 474 Wienne,
701 441 748 468 cfr.
761 441 864 474 symon
884 441 982 468 Petru-
1000 450 1056 468 sac.
1069 441 1099 467 in
1111 441 1281 476 Velsperg.²)

231 487 262 513 A.
277 485 302 513 d.
316 485 396 512 1505:
415 485 462 512 cfr.
475 484 630 512 Ieronimus
648 493 703 512 sac.
716 484 783 511 iuris
799 484 895 519 regule
908 484 1038 516 Wienne,
1057 484 1105 511 cfr.
1118 485 1243 512 Andreas
1261 493 1315 512 sac.
1330 485 1457 518 Wienne,
1474 486 1523 512 cfr.
1537 487 1707 522 Pangracius
1726 498 1785 516 sac.

126 529 156 556 in
174 528 293 561 Fridaw,
316 529 364 555 cfr.
379 528 505 556 Clemens
523 528 541 554 1.
555 529 719 562 procurator
737 527 765 554 in
784 528 897 559 Graecz.
920 528 969 555 cfr.
983 527 1090 562 Caspar
1107 537 1163 555 sac.
1177 528 1353 563 Egenburge,
1378 529 1427 556 cfr.
1440 529 1577 556 Antonius
1596 539 1650 557 sac.
1663 540 1782 566 magnus

127 571 320 607 Radegundis,
339 571 387 598 cfr.
401 570 504 598 Paulus
520 579 575 598 sae.
588 579 705 605 magnus
718 572 748 598 et
761 570 815 597 fuit
828 571 916 606 lector
928 570 1055 603 Wienne,
1074 570 1122 598 cfr.
1135 570 1241 605 Caspar
1253 571 1270 598 l.
1284 571 1421 598 firmarius
1433 571 1561 605 Wienne,
1579 574 1627 601 cfr.
1640 574 1785 602 Nazareus

128 623 183 642 sac.
197 614 330 648 antiquus
348 613 379 640 in
397 613 484 645 Staiu,
504 613 552 640 cfr.
567 613 754 640 Bernardinus
771 621 827 640 sac.
841 613 869 639 in
888 613 1008 641 Labaco.

229 658 261 685 A.
271 657 297 684 d.
309 657 387 684 1506:
407 656 455 684 cfr.
466 656 644 684 Bernhardus
656 664 711 683 sac.
724 655 753 682 in
766 655 942 683 Lanckabicz
950 656 980 690 ⁸),
998 656 1046 684 cfr.
1058 656 1262 683 Bernhardiuus
1277 656 1311 683 de
1322 656 1494 683 Strausdarff
1504 666 1559 685 sac.
1572 658 1601 685 in
1615 659 1647 686 S⁰
1655 660 1783 695 Ypolito,

127 700 175 728 cfr.
188 700 317 728 Erasmus
336 700 370 727 de
389 699 503 734 Septem
522 698 628 726 Castris
647 707 702 726 sac.
715 698 745 725 in
764 698 883 730 Laba-ico,
911 699 958 726 cfr.
970 698 1089 734 Egidius
1107 699 1313 734 1.Egenburge,
1338 699 1385 726 cfr.
1398 699 1519 727 Lueidus
1537 701 1556 728 1.
1572 701 1601 728 in
1619 702 1707 735 Lews,
1734 704 1781 731 cfr.

128 743 295 771 Benedictus
320 743 453 776 antiquus
471 742 630 776 predicator
647 741 824 777 Egenburge,
853 743 901 768 cfr.
915 742 1044 776 Raphael
1063 751 1118 769 sac.
1132 742 1264 777 antiquus
1283 742 1311 769 in
1329 742 1510 776 Enczestorff,
1538 745 1585 771 cfr.
1600 745 1699 772 Petrus
1717 755 1782 780 sac„

127 786 202 821 pleb.
215 785 348 814 secularis
366 785 494 818 Wienne,
519 785 567 812 cfr.
579 785 715 812 Eusebius
733 793 788 812 sac.
802 784 928 818 Wienne,
956 785 1004 812 cfr.
1018 785 1191 813 Cristofferus
1210 786 1274 813 cler.
1287 785 1318 812 in
1337 785 1457 820 Puping,
1477 787 1525 813 cfr.
1539 787 1643 815 Michel
1661 789 1679 815 1.
1693 792 1783 817 sartor

126 830 155 857 in
174 830 266 863 Lews,
294 830 342 856 cfr.
355 829 494 857 Patricius
512 829 576 856 cler.
589 828 720 861 Wienne,
748 829 797 855 cfr.
810 828 900 855 Lucas
921 837 976 855 sac.
993 828 1022 854 in
1041 828 1131 861 Lews,
1159 829 1207 855 cfr.
1220 828 1372 855 Damianus
1391 837 1446 856 sac.
1465 829 1598 863 antiquus
1616 840 1735 866 magnus
1753 834 1782 860 in

128 873 270 906 Paradiso,
289 873 338 900 cfr.
351 871 543 908 sigismundus
562 879 617 898 sac.
631 871 665 898 de
683 871 844 898 Lanczhuet
862 870 891 897 in
909 871 996 904 Lews,
1015 871 1062 898 cfr.
1075 871 1199 898 Andreas
1217 880 1272 898 sac.
1289 880 1351 898 cum
1369 880 1473 906 magna
1492 880 1559 899 voce
1577 872 1607 899 in
1627 873 1714 908 Lews,
1734 877 1782 904 cfr.

128 915 272 944 Ckilianus
291 915 355 943 cler.
368 915 397 942 in
417 915 506 947 Lem,
533 914 580 941 cfr.
595 913 781 948 Wolfgangus
799 914 818 940 l.
831 913 922 948 pistor
939 914 969 940 in
990 914 1135 947 Paradiso,
1161 914 1209 941 cfr.
1223 914 1310 941 Iorius
1329 923 1384 942 sac.
1397 914 1426 941 in
1445 915 1559 949 Graecz,
1585 917 1632 944 cfr.
1647 918 1744 946 Gallus
1763 920 1781 946 1.

127 958 262 993 antiquus
279 958 308 985 in
327 958 413 986 Lews.
729 978 733 984 1
1633 984 1642 994 x

230 1003 264 1029 A.
276 1001 302 1029 d.
317 1001 396 1029 1507:
421 1000 469 1028 cfr.
483 999 661 1027 Leonhardus
679 1000 698 1026 l.
711 999 844 1033 antiquus
862 999 989 1032 Wienne,
1012 999 1061 1026 cfr.
1073 999 1243 1026 Laurencius
1262 1000 1280 1027 1.
1294 1002 1384 1027 sartor
1402 1000 1528 1032 Wienne,
1547 1003 1596 1029 cfr.
1609 1003 1745 1032 Martinus
1764 1006 1782 1033 1.

128 1045 306 1073 Lanczkroen
323 1044 352 1071 in
372 1043 520 1078 Velsperg,
547 1043 596 1070 cfr.
609 1042 819 1070 Maximilianus
836 1051 892 1070 sac.
909 1043 939 1069 in
958 1042 991 1069 S⁰
1003 1043 1134 1077 Ypolito,
1160 1043 1208 1070 cfr.
1222 1043 1326 1070 Vitalis
1344 1044 1362 1070 l.
1375 1043 1510 1078 antiquus
1527 1045 1638 1081 Pogner
1656 1047 1781 1081 Wienne,

129 1089 177 1116 cfr.
190 1088 314 1115 Andreas
332 1087 366 1115 de
379 1086 568 1114 Enczestoerff
582 1095 638 1113 sae.
651 1086 681 1113 in
694 1086 864 1118 Nonstettel¹
883 1086 931 1113 cfr.
944 1086 1075 1113 Otmarus
1087 1086 1106 1113 l.
1119 1086 1148 1113 in
1162 1086 1348 1120 Lanckabicz‚
1367 1087 1415 1114 cfr.
1424 1087 1557 1121 Ypolitus
1570 1097 1625 1117 sac.
1638 1089 1782 1118 Graswein

125 1132 155 1159 in
173 1131 358 1164 Iaanckabicz,
383 1131 431 1158 cfr.
444 1130 568 1158 Mathias
586 1138 641 1157 sac.
656 1129 685 1156 in
705 1129 887 1162 Lanckabicz,
911 1129 959 1156 cfr.
971 1129 1129 1156 Alexander
1147 1130 1176 1156 et
1193 1129 1346 1164 gardianus
1363 1129 1393 1156 in
1412 1130 1595 1164 Lanckabicz,
1615 1133 1663 1159 cfr.
1678 1133 1782 1167 Symon

127 1184 182 1203 sac.
195 1175 225 1202 in
243 1173 426 1206 Lanckabicz,
445 1174 493 1201 cfr.
507 1173 646 1201 Steffanus
663 1181 718 1200 sac.
732 1173 760 1200 in
775 1172 958 1205 Lanckabicz‚
978 1173 1026 1200 cfr.
1040 1172 1197 1200 Ludovicus
1216 1173 1281 1200 cler.
1294 1173 1324 1199 in
1338 1173 1521 1206 Lanckabicz,
1541 1175 1589 1202 cfr.
1604 1175 1782 1205 Theobaldus

127 1219 162 1246 de
179 1218 337 1246 Baserburk
354 1226 409 1245 sac.
422 1218 451 1244 in
471 1217 585 1249 Graecz,
609 1217 657 1244 cfr.
670 1217 807 1244 Iohannes
826 1217 844 1243 1.
859 1218 949 1244 sartor
967 1216 997 1243 in
1016 1216 1141 1250 Pupiug,
1167 1216 1215 1243 cfr.
1229 1216 1370 1244 Erhardus
1388 1217 1407 1244 l.
1419 1217 1449 1244 in
1468 1217 1592 1253 Puping,
1618 1219 1665 1246 cfr.
1679 1219 1783 1248 Vitalis

128 1262 193 1290 cler.
206 1261 236 1288 in
254 1261 365 1295 (ἂι-ωσι,
390 1260 438 1287 cfr.
452 1260 588 1287 Rudolfus
607 1267 662 1286 sac.
675 1259 738 1286 Dux
755 1259 786 1286 in
804 1258 917 1291 Graecz,
940 1260 989 1286 cfr.
1004 1259 1106 1292 Symon
1123 1267 1179 1286 sac.
1193 1259 1274 1286 fortis
1292 1259 1321 1285 in
1341 1259 1486 1294 Velsperg,
1511 1260 1559 1287 cfr.
1573 1261 1697 1289 Andreas
1717 1263 1782 1291 cler.

127 1305 156 1332 in
175 1304 299 1339 Puping,
328 1304 376 1331 cfr.
388 1303 512 1339 Angelus
530 1303 564 1331 de
583 1302 696 1330 Prussia
712 1311 766 1330 sac.
780 1302 972 1336 Radegundis,
999 1303 1047 1329 cfr.
1060 1301 1174 1329 Maurus
1192 1310 1248 1329 sac.
1261 1302 1453 1337 Radegundis‚
1480 1303 1527 1330 cfr.
1541 1303 1698 1332 Richardus
1717 1307 1782 1334 cler.

127 1348 156 1375 in
176 1348 288 1375 Graecz.
1382 1346 1389 1353 ⁶

230 1391 262 1417 A.
275 1391 302 1417 d.
317 1389 395 1418 1508:
422 1390 470 1417 cfr.
484 1389 585 1424 Ioseph
603 1389 622 1416 1.
639 1389 669 1416 in
687 1389 812 1422 Labaeo,
839 1389 887 1416 cfr.
901 1389 1108 1416 Bernhardinus
1127 1389 1191 1417 cler.
1205 1389 1336 1423 Wienne,
1362 1390 1410 1416 cfr.
1423 1389 1559 1417 Iohannes
1577 1399 1632 1418 sac.
1645 1392 1783 1420 confessor

126 1435 155 1461 in
168 1433 309 1466 Paradiso,
329 1433 376 1460 cfr.
389 1432 478 1460 Iorius
497 1432 514 1459 l.
529 1431 630 1459 Sutner
646 1431 676 1458 in
689 1431 776 1464 Lews,
795 1432 843 1459 cfr.
856 1432 993 1459 Almanus
1011 1432 1030 1459 1.
1043 1431 1172 1464 Wienne,
1191 1433 1240 1459 cfr.
1253 1432 1391 1459 Iohannes
1410 1440 1465 1459 sac.
1478 1433 1512 1460 de
1526 1433 1643 1468 Oetting
1655 1434 1781 1468 Wienne,

127 1478 176 1505 cfr.
187 1476 384 1505 Wenczeslaus
403 1476 467 1503 cler.
476 1474 605 1506 Wienne.
623 1475 672 1502 cfr.
686 1475 795 1502 Marcus
813 1475 830 1502 l.
843 1474 1032 1510 Radegundis,
1050 1475 1099 1502 cfr.
1112 1475 1251 1503 Steffanus
1263 1475 1328 1503 cler.
1341 1475 1369 1502 in
1384 1475 1502 1507 Labaco,
1520 1484 1577 1503 rev.
1590 1485 1617 1511 p.
1631 1477 1684 1504 vic.
1698 1487 1781 1512 gene-

127 1520 195 1548 ralis
214 1520 247 1548 fr.
261 1518 412 1547 Ieronimus
430 1519 464 1546 de
483 1517 631 1551 Turnellis‚
654 1518 687 1545 fr.
699 1518 861 1545 Ambrosius
879 1517 1012 1552 antiquus
1031 1518 1158 1551 Wienne,
1181 1518 1230 1545 cfr.
1244 1517 1419 1546 Cristofferus
1436 1518 1537 1545 Ernest
1555 1528 1609 1546 sac.
1623 1519 1651 1546 in
1670 1520 1782 1555 Graecz,

128 1564 177 1591 cfr.
189 1562 356 1590 Valerianus
374 1561 392 1588 1.
406 1561 589 1596 Iudenburge.

231 1606 264 1633 A.
277 1605 303 1632 d.
318 1605 397 1632 1509:
417 1605 466 1631 cfr.
479 1603 628 1631 Zacharias
646 1604 712 1632 clen‘
723 1604 752 1631 in
765 1604 907 1636 Paradim,
925 1613 982 1631 rev.
995 1613 1022 1638 p.
1037 1603 1242 1632 commissarius
1260 1604 1398 1639 generalis
1412 1604 1446 1631 fr.
1456 1605 1641 1633 Bernardinus
1655 1607 1782 1642 Wienne,

129 1650 177 1678 cfr.
190 1648 304 1676 Gabriel
324 1647 475 1682 Okyebach
494 1655 549 1674 sac.
563 1647 738 1682 Egenburge,
758 1647 807 1674 cfr.
819 1647 947 1682 Raphael
966 1656 1020 1675 sac.
1033 1647 1063 1674 in
1082 1647 1200 1680 Fridaw,
1223 1647 1271 1674 cfr.
1285 1647 1374 1674 Adam
1393 1648 1498 1681 doctor,
1517 1657 1572 1676 sac.
1585 1650 1715 1684 Wienne,
1735 1652 1783 1679 cfr.

130 1691 284 1720 Gracianus
302 1691 321 1719 l.
333 1690 462 1718 Wienne.

231 1735 262 1763 A.
277 1735 304 1762 d.
318 1735 396 1762 1510:
417 1734 464 1761 cfr.
475 1734 592 1761 Iacobus
605 1734 639 1761 de
651 1733 764 1760 Prussia
776 1742 831 1761 sac.
844 1734 873 1760 in
886 1733 997 1767 Graecz,
1017 1734 1065 1762 cfr.
1075 1734 1221 1768 luniperus
1234 1734 1252 1761 l.
1265 1733 1294 1760 in
1309 1734 1434 1768 Frydaw,
1453 1735 1501 1762 cfr.
1515 1735 1603 1762 Lucas
1616 1744 1671 1762 sac.
1684 1736 1784 1772 longus

132 1779 261 1811 Wienne,
280 1778 329 1805 cfr.
339 1777 489 1804 Udalricus
502 1785 556 1805 sae.
566 1776 694 1809 Wienne,
714 1777 762 1804 cfr.
771 1776 904 1811 Ypolitus
917 1777 935 1804 1.
949 1776 978 1803 in
991 1777 1175 1809 Lanekabicz,
1194 1777 1243 1804 cfr.
1256 1777 1413 1804 Richardus
1426 1786 1480 1805 sae.
1492 1777 1620 1811 Wienne,
1640 1779 1687 1806 cfr.
1702 1779 1784 1806 Udal-

131 1822 205 1850 ricus
217 1822 236 1849 l.
249 1823 356 1849 serator
367 1820 554 1855 Newnburge,
573 1820 622 1847 cfr.
634 1820 760 1848 Andreas
778 1829 843 1852 sac„
861 1820 982 1855 scriptor
994 1820 1024 1846 in
1037 1819 1149 1852 Graecz,
1168 1821 1216 1847 cfr.
1229 1820 1364 1847 Paulinus
1382 1821 1400 1848 1.
1413 1820 1442 1847 in
1455 1821 1566 1854 Graecz,
1585 1822 1633 1849 cfr.
1647 1822 1785 1850 Iohannes

131 1866 164 1893 de
182 1865 243 1900 Yps
265 1873 320 1892 sac.
338 1864 368 1891 in
386 1864 476 1896 Lews,
504 1863 553 1891 cfr.
566 1863 705 1890 Antonius
722 1863 757 1890 de
775 1863 903 1898 Harberg
921 1871 976 1891 sac.
990 1863 1183 1898 Radegundis,
1213 1863 1260 1891 cfr.
1274 1863 1468 1898 Sigismundus
1491 1873 1545 1892 sac.
1566 1864 1595 1891 in
1614 1865 1707 1898 Stain,
1735 1866 1783 1893 cfr.

131 1908 265 1942 Ioachym
288 1916 343 1934 sac.
362 1908 391 1935 et
408 1906 579 1942 guardianus
600 1906 630 1933 in
648 1906 773 1938 Labaco,
801 1906 850 1933 cfr.
864 1906 1022 1934 Ludovicus
1039 1915 1095 1934 sac.
1112 1909 1141 1934 et
1160 1906 1339 1940 praedicator
1361 1906 1390 1933 in
1410 1906 1532 1940 Labaw,
1561 1907 1608 1935 cfr.
1623 1908 1784 1936 Theodorus

130 1960 185 1979 sac.
198 1951 227 1978 in
244 1951 364 1982 Labaeo,
383 1950 431 1977 cfr.
444 1949 548 1977 Paulus
566 1951 656 1977 sartor
675 1949 810 1983 antiquus
828 1949 858 1976 in
870 1949 989 1982 Labaeo,
1009 1949 1056 1977 cfr.
1070 1949 1201 1984 Ignacius
1219 1958 1275 1977 sac.
1288 1949 1459 1983 NonstetteL
1479 1951 1527 1977 cfr.
1541 1950 1710 1979 Laurencius
1728 1961 1784 1980 sac.

129 2003 247 2031 magnus
259 1993 387 2026 Wienne,
406 1993 455 2020 cfr.
467 1992 656 2028 Wolfgangus
674 1992 708 2020 de
727 1992 955 2027 Campoliliorutn
964 1993 988 2027 Β)
1005 2001 1060 2019 sac.
1074 1992 1103 2019 in
1122 1992 1211 2025 Stain,
1230 1993 1279 2020 cfr.
1292 1993 1417 2020 Mathias
1435 1993 1469 2029 de
1482 1993 1620 2021 Gravacia
1639 2002 1693 2021 sac.
1706 1994 1782 2021 Non-

131 2038 228 2066 stettel
237 2038 266 2070 ⁴),
285 2037 333 2064 cfr.
345 2035 438 2063 David
455 2036 474 2063 l.
487 2035 655 2063 Nonstettel.

234 2081 266 2108 A.
279 2080 306 2107 d.
319 2080 398 2107 1511:
420 2079 467 2106 oft.
481 2078 634 2106 Ieronimus
652 2078 938 2113 Ckumpelstkyrcher
955 2086 1011 2105 sac.
1021 2077 1148 2111 Wienne,
1167 2078 1216 2105 cfr.
1229 2077 1333 2105 Michel
1351 2087 1406 2106 sac.
1420 2079 1454 2106 de
1471 2079 1644 2107 Ckreiznach
1657 2080 1783 2113 Wienne,

131 2124 180 2151 cfr.
193 2122 317 2150 Mathias
335 2131 390 2150 sac.
403 2122 487 2149 metu
507 2122 635 2155 Wienne,
664 2122 713 2149 cfr.
726 2121 863 2149 Pacificas
881 2121 901 2148 1.
913 2122 1004 2148 sartor
1021 2121 1153 2154 Wienne,
1180 2121 1228 2148 cfr.
1242 2121 1450 2149 Maximilianus
1469 2123 1487 2150 1.
1500 2122 1637 2150 firmarius
1656 2123 1784 2156 Wienne,

131 2167 180 2194 cfr.
193 2165 343 2201 Gregorius
366 2166 400 2193 de
417 2165 559 2200 Everding
582 2173 637 2192 sac.
650 2164 782 2197 Wienne,
809 2165 857 2192 cfr.
870 2164 1040 2192 wilhelmus
1058 2173 1113 2191 sae.
1127 2164 1257 2197 Wienne,
1283 2164 1331 2191 cfr.
1345 2165 1482 2192 lohannes
1500 2166 1535 2193 de
1552 2166 1709 2194 F1anconia
1727 2175 1783 2194 sac.

130 2209 264 2241 Wienne,
292 2209 340 2236 cfr.
353 2208 541 2243 Wolfgangus
559 2207 673 2243 Stengel
691 2208 710 2235 l.
723 2207 856 2240 Wienne,
884 2208 932 2235 cfr.
945 2207 1079 2237 Nicolaus
1102 2215 1156 2234 sac.
1175 2207 1204 2234 in
1223 2207 1303 2234 Stain
1311 2208 1348 2242 b),
1376 2208 1424 2236 cfr.
1441 2208 1626 2244 Wolfgangus
1650 2209 1785 2244 antiquus

130 2262 185 2281 sac.
198 2253 229 2280 in
247 2253 334 2280 Lews.

233 2296 266 2322 A.
279 2295 306 2323 d.
318 2295 398 2322 1512:
425 2295 474 2322 cfr.
487 2294 645 2322 Alexander
662 2294 697 2321 de
715 2293 857 2329 Ingelstat
874 2302 929 2321 sac.
943 2293 1070 2326 Wienne,
1095 2294 1142 2321 cfr.
1156 2293 1344 2321 'theodoricus
1363 2294 1496 2328 antiquus
1514 2303 1569 2322 sac.
1583 2295 1711 2330 Wienne,
1736 2297 1784 2323 cfr.

130 2339 318 2374 Wolfgangus
335 2337 370 2365 de
388 2337 550 2372 Baydthofn
568 2345 624 2365 sac.
640 2336 670 2364 in
684 2337 770 2370 Lews,
789 2337 837 2364 cfr.
850 2336 980 2364 Urbanus
998 2337 1016 2364 1.
1029 2336 1157 2369 Wienne,
1181 2337 1229 2364 cfr.
1242 2337 1411 2364 Marcelinus
1430 2338 1562 2371 antiquus
1581 2347 1636 2366 sac.
1650 2339 1678 2365 in
1697 2339 1783 2371 Lewa

132 2382 180 2410 cfr.
194 2381 329 2410 Eusebius
346 2389 411 2414 sac„
429 2381 478 2408 cfr.
491 2380 591 2408 Daniel
610 2389 665 2407 sac.
678 2380 708 2407 in
726 2380 845 2408 Fridaw.

235 2425 268 2452 A.
281 2424 307 2452 d.
322 2424 400 2451 1513:
426 2424 474 2451 cfr.
488 2423 638 2458 Philippus
656 2431 711 2451 sac.
724 2423 753 2450 in
771 2423 946 2455 NonstetteL
971 2423 1019 2450 cfr.
1032 2423 1169 2450 Martinus
1187 2423 1321 2457 antiquus
1340 2432 1395 2450 sac.
1408 2423 1539 2455 Wienne,
1565 2424 1613 2451 cfr.
1627 2424 1786 2452 Leonardus

131 2467 312 2496 Herbliendel
331 2475 386 2494 sae.
399 2466 531 2499 Wienne,
558 2466 606 2494 efr.
619 2466 773 2500 Tyburtius
790 2465 809 2492 l.
822 2466 954 2500 antiquus
972 2465 1102 2499 Wienne,
1128 2462 1319 2493 efr.'Urbanus
1337 2475 1392 2493 sac.
1405 2466 1585 2502 Egenburge,
1609 2468 1784 2495 venerandus

235 2567 259 2599 ὃ)
278 2567 461 2600 Capoliliorum
479 2567 534 2593 cod.
639 2565 664 2598 b)
685 2566 719 2592 In
736 2566 821 2592 codice
838 2575 931 2592 manus
949 2567 1016 2592 hanc
1034 2571 1121 2592 notam
1139 2567 1298 2600 distinguens
1315 2568 1416 2600 depicta
1433 2572 1476 2593 est.

236 2640 256 2673 ¹)
278 2638 434 2665 claustrum
446 2637 620 2665 Fridavieme
636 2646 657 2666 s.
669 2638 779 2665 Mariae
797 2637 830 2665 cie
846 2638 1017 2672 Gmweptione
1034 2639 1065 2665 in
1080 2639 1207 2666 Carniola
1225 2638 1373 2666 dedicatum
1391 2648 1417 2666 a.
1430 2642 1494 2666 1495
1510 2638 1664 2672 fundatum,
1683 2647 1708 2664 a.
1722 2643 1786 2666 1560

131 2691 149 2709 α
176 2682 255 2715 frma-³
279 2681 432 2708 Minoribus
458 2681 591 2708 desertum
617 2683 661 2708 est.
718 2688 726 2694 ‘
775 2681 796 2715 ²)
819 2681 855 2707 In
879 2681 1015 2708 cenobiwm
1036 2681 1236 2715 Fezdsberyense
1262 2682 1291 2708 in
1313 2682 1427 2708 Austria
1449 2681 1588 2715 Inferiore
1613 2689 1633 2708 s.
1655 2681 1784 2708 Michaeli

133 2725 292 2759 archanqeb
309 2724 456 2752 dodwatum
479 2724 531 2757 fra
550 2724 672 2751 Minores
691 2732 712 2751 ε.
725 2723 858 2751 Iohannes
877 2724 1056 2758 (lapisto-anus
1077 2725 1182 2758 ipsemet
1204 2733 1229 2752 a.
1246 2729 1309 2752 1455
1326 2724 1484 2751 introduxit.
1591 2725 1612 2758 ³)
1632 2724 1784 2752 Conventus

133 2768 340 2795 Lamovicensis
356 2768 388 2794 in
407 2766 501 2802 διψία
518 2775 539 2794 8.
552 2767 665 2794 Mariae
682 2767 713 2794 de
729 2767 833 2794 Gratiis
852 2767 999 2794 dedicatum
1018 2776 1043 2793 a.
1057 2770 1119 2794 1456
1138 2767 1278 2800 aedificari
1294 2768 1387 2801 coepit.
1479 2768 1501 2801 ⁴)
1521 2766 1665 2794 Cenobium
1682 2767 1713 2794 in
1731 2768 1788 2794 loco

132 2810 224 2838 Novae
243 2810 366 2838 Civitatis
382 2818 428 2837 seu
447 2810 627 2843 Rudolfswen
644 2818 664 2837 s.
677 2809 838 2837 Leonhardo
857 2810 1007 2837 dedicatum
1025 2810 1098 2837 circa
1116 2819 1140 2837 a.
1157 2813 1226 2837 1468
1244 2811 1321 2845 fribus
1338 2810 1492 2837 Minoribus
1509 2810 1640 2837 traditum
1657 2812 1702 2837 est.
