2150 3178
656 756 780 815 AN
786 756 1064 816 NALES
1108 756 1688 817 NECROLOGICI

351 851 779 911 FRATRUM
822 850 1256 912 MINORUM
1301 851 1993 913 OBSERVANTIUM

426 947 549 1005 AD
594 947 652 1006 S.
680 945 1282 1006 HIERONYMUM
1319 946 1917 1008 VINDOBONAE.

445 1092 622 1138 Fratrum
646 1105 812 1137 Minorum
834 1115 859 1137 ε.
875 1104 1049 1137 Francisci
1074 1104 1215 1146 reyulam
1238 1106 1457 1146 professorum
1483 1106 1740 1142 conventualium
1768 1109 1939 1140 conventus
1961 1106 2007 1139 ad

340 1157 398 1191 SS.
417 1157 632 1190 Theobaldum
660 1168 698 1188 ac
720 1156 987 1189 Bernhardinum
1009 1159 1102 1189 extra
1123 1157 1248 1190 moenia
1270 1157 1470 1190 Vindobonae
1491 1158 1651 1199 quondam
1672 1159 1768 1198 situs,
1795 1159 1861 1191 iam
1883 1158 2005 1192 dudum

339 1210 458 1251 viqens,
491 1220 512 1241 a
541 1209 686 1242 Iohanne
718 1209 910 1249 Capistrano
939 1219 961 1240 a
986 1208 1154 1241 Fm'derico
1176 1209 1248 1242 III.
1271 1209 1488 1243 Romanorum
1517 1211 1705 1251 imperatore
1731 1211 1767 1243 in
1798 1210 2007 1244 Germaniam

340 1272 372 1293 a.
390 1261 475 1292 1451
499 1263 605 1293 vocato
626 1272 666 1293 ac
684 1260 901 1293 Vindobonam
922 1261 1062 1293 veniente
1083 1261 1120 1293 in
1134 1262 1315 1294 coenobium
1328 1262 1470 1302 fratrum
1485 1263 1657 1295 strictioris
1671 1263 1886 1295 observantiae
1899 1265 2005 1296 muta-

341 1318 407 1355 tus,
436 1326 466 1347 a.
485 1315 569 1347 1529
596 1325 617 1345 a
643 1314 758 1346 Turcis
785 1316 917 1345 exustus
942 1316 1038 1353 atque
1063 1313 1194 1346 dirutus
1219 1316 1277 1353 est,
1304 1324 1405 1355 quare
1425 1314 1572 1347 monachi
1593 1315 1682 1347 domo
1703 1317 1846 1348 carentes
1860 1315 2006 1355 primum

340 1367 385 1399 acl
406 1378 431 1399 s.
449 1366 578 1399 Nicolai
600 1365 770 1404 ecclesiam,
795 1365 908 1398 deinde
929 1376 969 1398 ex
990 1365 1050 1398 hac
1071 1366 1160 1398 domo
1181 1366 1315 1398 ruinosa
1337 1366 1381 1398 ad
1401 1377 1426 1399 s.
1444 1366 1632 1408 Hieronymi
1651 1366 1810 1399 ecclesiam
1825 1366 2006 1408 contiquam

340 1419 493 1452 translati
514 1422 599 1451 sunt.

449 1472 551 1504 Cuius
573 1473 743 1503 conventus
764 1469 974 1511 necroloyium
996 1481 1027 1503 a.
1045 1471 1130 1502 1583
1151 1471 1337 1503 institutum
1359 1470 1454 1503 codex
1475 1471 1608 1503 maioris
1626 1471 1747 1510 formae
1762 1470 1948 1513 chartaceus
1967 1471 2006 1504 in

341 1524 480 1556 eiusdem
503 1522 684 1556 bibliotheca
707 1523 870 1563 repositus,
897 1523 1039 1555 nondum
1061 1523 1217 1564 siqnatus,
1239 1522 1284 1555 26
1303 1522 1391 1562 foliis
1411 1523 1558 1562 continet,
1581 1523 1617 1555 in
1638 1534 1700 1564 quo
1721 1525 1814 1557 notae
1835 1522 2006 1557 annalium
2024 1566 2026 1569 y

342 1577 431 1608 modo
454 1576 630 1616 descriptae
650 1575 861 1615 necroloyicae
882 1574 1080 1616 sinqulorum
1101 1575 1204 1607 obitus
1222 1586 1322 1616 usque
1342 1575 1386 1607 ad
1405 1585 1437 1607 a.
1454 1575 1538 1607 1583
1557 1586 1580 1607 a
1598 1573 1726 1608 librarii
1745 1585 1846 1608 manu
1864 1576 2006 1609 maxima

342 1638 423 1660 cura
446 1628 619 1668 inscriptae
641 1629 727 1665 sunt,
751 1637 834 1667 quae
855 1638 895 1659 ex
916 1627 1051 1667 quodam
1074 1626 1246 1668 necroloyio
1267 1627 1456 1668 antiquiore,
1477 1638 1566 1660 nunc
1587 1628 1703 1660 amisso
1725 1630 1784 1660 aut
1805 1627 1929 1667 latente,
1951 1638 2006 1660 ea·-

339 1681 462 1720 scripta
485 1690 549 1712 esse
571 1679 727 1711 videntur.
773 1679 818 1710 Et
839 1679 965 1719 quidem
984 1678 1131 1720 fratrum
1156 1681 1231 1711 ante
1251 1690 1282 1711 a.
1301 1680 1385 1711 1479
1407 1679 1630 1721 defunctorum
1653 1680 1735 1712 anni
1755 1680 1882 1720 diesque
1903 1679 2007 1712 obitus

337 1731 523 1772 plerumque
546 1731 662 1770 omissi,
685 1731 828 1770 fratrum
850 1741 920 1763 vero
942 1741 971 1762 a.
990 1730 1076 1762 1479
1097 1741 1136 1762 ac
1155 1733 1264 1771 postea
1286 1733 1481 1763 mortuorum
1503 1731 1586 1763 anni
1603 1734 1728 1764 tantum
1743 1732 1854 1764 mortis
1867 1731 2006 1764 indicati

339 1786 427 1816 sunt.
476 1783 540 1824 Qui
562 1783 696 1815 annales
717 1782 904 1823 necroloyici
925 1782 977 1814 hic
993 1782 1138 1822 primum
1160 1782 1205 1814 ad
1225 1793 1348 1814 annum
1371 1782 1456 1814 1510
1478 1793 1578 1823 usque
1596 1783 1719 1823 publici
1738 1784 1822 1824 fiunt
1843 1784 1936 1816 iuris.

445 1836 484 1869 P.
505 1835 591 1868 Iulio
621 1835 796 1876 Smerscek,
828 1834 926 1866 huius
953 1836 1121 1867 conventus
1145 1835 1326 1876 quardiano
1353 1835 1467 1875 optime
1493 1835 1730 1876 merito,·quod
1758 1835 1893 1868 codicem
1918 1836 2004 1868 domi

333 1888 598 1929 pertractandum
623 1887 703 1919 mihi
726 1887 855 1925 miserit,
878 1886 931 1918 hic
952 1897 1075 1927 quoque
1093 1886 1218 1927 gratias
1239 1897 1297 1927 ayo
1319 1887 1487 1919 maximas.

446 2034 562 2061 Initium
586 2036 615 2061 et
637 2034 850 2061 fundamentum
874 2042 963 2060 novae
986 2033 1133 2068 plantulae
1158 2032 1321 2068 provinciae
1340 2033 1470 2063 Aut-striae
1492 2034 1556 2060 frum
1579 2033 1684 2061 ordinis
1702 2033 1842 2062 Minoi-um
1860 2035 1894 2062 de
1913 2035 2005 2063 obser-

340 2077 448 2105 vantia.
486 2078 590 2105 Extitit
608 2077 775 2105 benedictae
794 2076 926 2114 memorie
946 2077 989 2103 vir
1007 2085 1040 2104 ac
1059 2075 1265 2103 zelantissimus
1282 2076 1346 2104 fidei
1366 2078 1396 2104 et
1413 2077 1559 2112 religionis
1576 2079 1771 2113 propugnator
1787 2078 1821 2105 fr.
1834 2078 1952 2105 Ioannes
1970 2079 2005 2106 de

341 2121 523 2156 Capistrano,
548 2121 671 2148 eiusdem
691 2120 798 2147 ordinis
822 2122 851 2147 et
868 2121 933 2146 frum
951 2120 985 2147 de
1003 2119 1184 2147 observantia
1202 2119 1311 2155 familie
1329 2120 1505 2156 cismontane
1522 2120 1576 2148 vic.
1592 2120 1732 2156 generalis
1750 2122 1836 2156 atque
1854 2121 2006 2156 inquisitor

340 2164 563 2192 ferventissimus
586 2163 711 2199 heretice
737 2163 889 2198 pravitatis
913 2162 1132 2198 evangelicaque
1154 2163 1284 2190 veritatis
1307 2163 1468 2198 predicator
1488 2163 1692 2191 celeberrimus·
1733 2164 1787 2192 Hie
1810 2164 2006 2193 devotissimus

341 2217 368 2242 p.
382 2217 407 2235 a.
422 2208 447 2234 d.
462 2209 527 2235 1451
553 2216 570 2234 a
593 2207 708 2241 fel(icis)
732 2206 956 2239 rec(ordatiouis)
975 2206 1095 2234 Nicolao
1119 2215 1196 2241 papa
1213 2206 1247 2233 V.
1266 2207 1302 2234 ad
1325 2214 1464 2242 cesaream
1487 2206 1666 2235 maiestatem
1687 2208 1844 2242 apostoliea
1861 2208 2005 2244 legatione

341 2252 455 2278 functus
479 2250 557 2278 venit
582 2251 618 2277 ad
637 2250 828 2281 Germaniam,
854 2249 904 2276 ubi
928 2251 993 2284 post
1015 2249 1162 2277 innumera
1185 2259 1236 2284 per
1259 2259 1320 2277 eum
1346 2251 1418 2278 bene
1440 2252 1522 2283 gesta.
1541 2250 1677 2278 virtutum
1695 2251 1821 2286 insignia
1838 2251 1868 2278 in
1888 2251 2006 2280 mirifica

341 2294 507 2329 operatione
525 2295 612 2328 atque
631 2293 767 2328 prodigiis
786 2293 814 2320 in
834 2293 1039 2327 propagatione
1057 2293 1205 2327 religionis
1223 2293 1253 2320 in
1269 2293 1421 2321 certamine
1434 2295 1532 2321 contra
1543 2294 1682 2322 hereticos
1694 2294 1839 2329 presertim
1855 2295 2005 2331 Hussitane

342 2337 540 2372 perversitatis
566 2337 595 2363 in
619 2345 768 2372 congressu
793 2336 895 2363 vivifici
918 2336 991 2371 signi
1017 2342 1043 2363 s*³
1062 2336 1162 2368 crucis,
1187 2346 1242 2370 quo
1268 2339 1366 2364 contra
1385 2337 1504 2364 Tui-cam
1527 2337 1700 2373 sevissimum
1722 2338 1832 2365 hostem
1851 2338 2006 2366 Christiani

342 2381 463 2408 nominis
483 2380 679 2414 triumphavit,
699 2380 813 2407 tandem
833 2382 898 2414 post
916 2380 998 2407 finem
1017 2380 1143 2407 laborum
1162 2380 1196 2407 de
1215 2389 1240 2407 a.
1253 2380 1279 2406 d.
1294 2381 1360 2407 1456
1378 2380 1502 2415 gloriosa
1517 2383 1606 2408 morte
1622 2381 1769 2408 defunctus
1781 2382 1824 2408 est
1836 2381 2005 2416 inVilaek¹)

343 2424 449 2458 oppido
468 2423 548 2458 regni
567 2423 740 2458 Hungariae,
758 2423 808 2450 nbi
826 2423 855 2449 in
874 2423 949 2450 hunc
968 2423 1041 2450 diem
1059 2423 1202 2450 miraculis
1220 2426 1356 2451 coruscat.

447 2467 515 2494 Cum
534 2468 629 2494 autem
649 2476 676 2501 p.
690 2467 739 2494 ille
760 2466 901 2499 colendus,
920 2466 999 2493 cuius
1014 2467 1120 2493 virtute
1135 2466 1333 2494 illustrabatur
1345 2467 1428 2498 orbis,
1447 2475 1481 2494 ex
1492 2467 1626 2494 mandato
1639 2467 1812 2502 apostolicae
1824 2468 1897 2496 sedis
1910 2469 2005 2496 arduis

343 2510 408 2537 fidei
431 2510 554 2545 negotiis
577 2509 703 2537 intentus
727 2509 859 2542 filiorum,
885 2518 954 2543 quos
976 2510 1011 2536 ad
1032 2510 1169 2545 regularis
1188 2510 1246 2547 vite
1265 2510 1473 2537 observantiam
1491 2510 1520 2537 in
1540 2510 1650 2538 Christo
1667 2513 1816 2546 genuerat,
1842 2512 2006 2539 educationi

342 2562 398 2581 non
417 2555 513 2588 posset
531 2553 684 2584 intendere,
707 2553 814 2580 habens
833 2553 862 2579 in
881 2553 1016 2580 societate
1035 2562 1085 2580 sua
1105 2553 1172 2580 duos
1191 2553 1439 2580 excellentissimos
1458 2553 1532 2580 viros
1550 2555 1636 2588 atque
1654 2554 1709 2581 sibi
1727 2555 2004 2589 preeurdialissimos,

343 2606 413 2631 quos
431 2606 525 2624 seeum
545 2597 701 2624 adduxerat
719 2597 754 2623 de
773 2596 866 2628 Italia,
891 2596 993 2630 quibus
1011 2597 1098 2624 etiam
1117 2604 1167 2631 pre
1186 2596 1250 2623 aliis
1268 2597 1410 2631 syncerius
1429 2597 1595 2630 confidebat,
1614 2597 1747 2625 videlicet
1765 2599 1827 2625 fram
1845 2598 2005 2627 Gabrielem

343 2641 531 2668 Veronensem
550 2642 579 2667 et
597 2641 658 2666 stem
676 2640 907 2674 Christophorum
925 2640 959 2666 de
969 2639 1089 2672 Varisio,
1109 2640 1249 2666 commisit
1267 2640 1371 2667 eisdem
1389 2640 1470 2667 illum
1488 2640 1621 2673 laborem,
1640 2643 1780 2675 quatenus
1796 2642 1860 2668 fr*²¹¹²
1875 2642 2004 2677 regimini

343 2684 496 2719 diligenter
518 2683 622 2710 intenti
648 2683 721 2710 hanc
740 2683 881 2710 novellam
901 2683 1107 2717 plantationem
1127 2692 1177 2710 sua
1196 2683 1314 2710 salutari
1332 2683 1487 2711 eruditione
1505 2684 1664 2718 irrigarent.
1701 2684 1779 2716 Quod
1797 2685 2005 2712 sanctissimum

343 2736 414 2762 opus
438 2736 522 2761 quam
542 2727 695 2762 vigilanter
719 2729 747 2754 et
766 2726 900 2758 sollicite,
927 2736 989 2753 cum
1008 2726 1176 2760 quantisque
1194 2727 1341 2754 sudoribus
1359 2727 1537 2761 postmodum
1555 2727 1749 2762 adimplerint‚
1775 2728 1870 2755 docuit
1888 2730 2005 2756 eventus

450 2841 470 2872 ¹)
489 2839 605 2874 Villocky
622 2840 653 2866 in
677 2839 808 2874 Unyaria.

2023 2429 2050 2450 1⁰

2023 2646 2048 2666 15
