2150 3178
302 782 908 844 MONUMENTA
952 783 1607 843 NECROLOGICA

301 877 825 939 MONASTERH
863 877 1136 936 CAMPI
1171 876 1604 938 LILIORUM.

229 1021 442 1068 Monasterii
457 1031 580 1064 ordinis
597 1030 813 1064 Cisterciensis
832 1029 1087 1070 Campililiensis,
1103 1029 1194 1071 vulqo
1206 1030 1378 1071 Lilienfeld
1392 1032 1579 1072 nuncupati,
1596 1042 1681 1065 anno
1692 1034 1779 1065 1206

125 1086 181 1127 (cf.
200 1095 282 1126 quae
303 1084 353 1117 M.
372 1083 485 1125 Tanyl,
513 1082 661 1123 Mitteilq.
682 1082 712 1115 d.
733 1082 839 1114 Instit.
859 1083 884 1121 f.
904 1084 931 1114 ὅ.
955 1080 1311 1124 Geschichtsforschuny
1332 1082 1420 1115 XIX
1433 1084 1476 1115 37
1486 1094 1544 1124 sq„
1575 1084 1612 1116 de
1638 1084 1779 1124 fontibus

124 1137 327 1178 fundationis
351 1136 449 1168 huius
470 1135 655 1167 monasterii
683 1134 861 1174 disseruit),
891 1144 913 1166 a
935 1133 1090 1174 Leopoldo
1113 1133 1168 1166 VI.
1185 1134 1340 1166 Austriae
1366 1135 1443 1167 duce
1468 1135 1588 1167 illustri
1616 1146 1655 1168 ea:
1681 1137 1780 1177 stirpe

125 1186 432 1230 Babenberyensium
453 1187 588 1220 oriundo
606 1185 746 1229 fundati
767 1186 860 1218 varia
882 1186 933 1218 his
956 1187 1082 1217 exstant
1103 1186 1293 1227 temporibus
1314 1189 1515 1219 monumenta
1537 1187 1738 1229 necroloqica.

229 1250 258 1281 1.
292 1247 469 1288 Necroloqii
497 1246 593 1279 codex
620 1247 751 1279 maioris
780 1247 901 1286 formae
931 1246 1185 1278 membranaceus
1218 1247 1254 1278 in
1287 1247 1423 1279 eiusdem
1456 1248 1592 1280 coenobii
1620 1248 1779 1282 tabulario

125 1300 290 1340 repositus,
313 1300 367 1332 cui
386 1299 460 1331 olim
478 1299 647 1339 siynatura
673 1297 791 1331 C'SAG'.
808 1299 892 1329 1639
909 1298 1062 1338 praefixa
1086 1301 1140 1337 est,
1163 1301 1238 1330 ante
1258 1299 1299 1330 30
1319 1299 1445 1331 circiter
1462 1310 1563 1331 annos
1581 1310 1603 1332 a
1618 1300 1659 1332 P.
1674 1300 1778 1333 Paulo

128 1352 257 1391 Tobner,
281 1351 435 1384 tabularii
456 1350 582 1383 custode
604 1350 717 1390 optime
739 1350 858 1388 merito,
881 1353 1023 1390 repertus
1045 1353 1098 1382 est.
1149 1350 1228 1382 C'um
1250 1360 1319 1382 vero
1342 1351 1437 1382 codex
1465 1350 1606 1384 Cornelio
1630 1352 1778 1391 Straudz,

125 1403 310 1436 monasterii
336 1403 461 1441 abbate,
490 1404 617 1434 auctore
639 1412 669 1433 a.
687 1402 773 1433 1639
799 1401 888 1441 foliis
910 1401 1046 1433 nimium
1062 1402 1222 1441 praecisis
1244 1402 1479 1443 conqlutinatus
1501 1404 1558 1442 sit,
1586 1407 1678 1436 notae
1699 1414 1778 1436 non-

125 1454 232 1487 nullae
258 1455 294 1486 in
321 1454 462 1495 marqine
484 1453 646 1493 appositae
668 1452 835 1485 mutilatae
856 1455 942 1485 sunt.
987 1452 1095 1484 Extra
1118 1453 1183 1484 118
1204 1453 1298 1492 folia,
1328 1454 1443 1494 quibus
1465 1465 1551 1487 nunc
1571 1455 1779 1496 necroloyium

125 1507 313 1544 continetur,
335 1505 449 1546 folium
469 1505 610 1545 primum
631 1503 853 1536 monachorum
875 1504 1120 1545 monialiumque
1143 1504 1306 1537 columnas
1328 1516 1349 1537 a
1368 1506 1511 1538 kalendis
1526 1516 1625 1547 usque
1639 1507 1683 1539 ad
1697 1507 1779 1539 diem

126 1558 196 1591 ΙΙΙ.
213 1567 315 1590 nonas
329 1557 484 1589 Ianuarii
501 1556 759 1597 comprehendens
774 1559 868 1597 atque
882 1557 1038 1588 sexternio
1053 1557 1208 1588 dimidius
1227 1557 1294 1589 dies
1311 1568 1332 1589 a
1347 1558 1409 1590 IV.
1426 1558 1470 1590 id.
1487 1558 1666 1591 Decembris
1680 1570 1779 1600 usque

126 1610 174 1643 ΙΙ.
190 1609 254 1642 kal.
269 1609 422 1642 Ianuarii
440 1608 639 1649 complectens
654 1607 754 1648 plane
776 1607 882 1640 evulsa
896 1610 981 1646 sunt,
1004 1618 1086 1648 quae
1109 1609 1175 1640 iam
1194 1609 1333 1642 Cornelii
1347 1609 1484 1641 Strauch
1499 1610 1622 1642 abbatis
1637 1613 1778 1651 tempore,

125 1664 205 1693 certe
235 1660 274 1693 P.
302 1660 512 1702 Chrysostomi
541 1659 735 1698 Hanthaler,
770 1659 934 1700 scriptoris
965 1659 1055 1692 illius
1092 1660 1350 1700 Gampililiensis,
1386 1661 1494 1694 diebus
1524 1661 1664 1703 defuisse
1699 1664 1779 1695 veri-

125 1712 227 1745 simile
249 1715 304 1745 est.

231 1764 324 1805 Quod
344 1763 561 1804 necroloyium,
584 1766 621 1795 ut
643 1774 682 1795 ex
704 1763 882 1804 scripturae
905 1763 1048 1803 apicibus
1071 1763 1174 1804 colliyi
1191 1767 1302 1804 potest,
1325 1764 1463 1796 medium
1480 1767 1554 1805 post
1575 1775 1656 1797 saec.
1672 1767 1722 1798 13.
1746 1776 1776 1797 a.

125 1817 250 1849 circiter
264 1816 348 1848 1270
370 1816 466 1848 scribi
487 1817 628 1855 coeptum
643 1815 727 1847 binis
735 1815 868 1856 paqinis
884 1815 1018 1847 obversis
1032 1818 1185 1856 quattuor
1200 1815 1353 1848 columnis
1367 1815 1485 1848 scilicet
1501 1819 1528 1848 1.
1545 1817 1777 1856 monachorum,

125 1869 156 1901 2.
172 1867 368 1906 monialium,
392 1867 422 1900 3.
438 1877 663 1905 conversorum,
686 1869 717 1899 4.
730 1867 950 1909 familiarium
973 1867 1161 1907 dispositum
1183 1870 1237 1907 est,
1261 1868 1384 1908 quibus·
1398 1869 1433 1899 in
1455 1867 1608 1900 columnis
1625 1879 1689 1900 non
1703 1879 1778 1901 raro

125 1920 268 1960 confusis
288 1921 438 1951 notarum
460 1919 551 1959 copia
573 1919 769 1952 descrubitur.
819 1918 899 1952 Gum
916 1919 1089 1959 praecipue
1112 1919 1335 1952 monachorum
1353 1919 1600 1960 monialiumque
1615 1921 1778 1953 columnae

124 1972 208 2004 duae
229 1971 393 2011 percrebro
419 1970 672 2009 confundantur,
702 1981 814 2003 earum
841 1971 1037 2003 discriminis
1059 1981 1170 2003 curam
1186 1982 1324 2011 prorsus
1345 1972 1444 2003 abieci
1465 1982 1578 2012 easque
1599 1982 1656 2004 ceu
1678 1982 1778 2004 unam

125 2026 251 2055 tantum
272 2022 378 2054 habui.

232 2075 311 2107 Cum
332 2077 438 2107 autem
460 2074 602 2106 auctoris
618 2074 727 2114 prima
749 2084 865 2106 manus
885 2077 978 2107 notas
997 2074 1115 2106 multas
1133 2075 1340 2115 inscripserit,
1363 2085 1433 2106 eum
1456 2085 1494 2106 ex
1508 2074 1686 2115 antiquiore
1700 2085 1776 2115 quo-

124 2127 198 2159 dam
229 2126 400 2167 necrologio
426 2125 499 2157 illas
525 2126 750 2167 deprompsisse
776 2126 895 2166 opinor.
944 2126 1035 2167 Quod
1056 2137 1134 2166 opus
1157 2136 1236 2159 saec.
1254 2127 1305 2158 13.
1326 2129 1457 2158 exeunte
1478 2126 1546 2158 alia
1567 2136 1684 2158 manus
1704 2136 1776 2159 con-

124 2178 275 2217 tinuavit,
303 2188 385 2219 quae
415 2188 479 2210 non
500 2177 601 2209 solum
615 2177 778 2217 plurimas
799 2188 879 2210 saec.
897 2180 947 2210 13.
969 2181 1061 2211 notas
1082 2179 1211 2217 adiecit,
1239 2178 1294 2210 sed
1315 2179 1410 2210 etiam
1432 2177 1603 2210 nonnullas
1623 2180 1716 2209 notas
1738 2178 1777 2210 ab

124 2230 265 2262 auctoris
290 2239 391 2262 manu
419 2229 593 2269 descriptas
615 2231 790 2262 atramento
813 2229 975 2262 obtinendo
997 2231 1158 2262 renovavit
1180 2230 1308 2271 eiusque
1329 2230 1443 2261 menda
1465 2230 1580 2261 iterum
1602 2239 1640 2260 ac
1662 2229 1777 2261 iterum

124 2281 309 2314 emendavit.
350 2281 534 2321 Necroloqio
556 2291 578 2312 a
600 2281 733 2312 diversis
754 2280 958 2314 librariorum
980 2282 1127 2314 manibus
1149 2292 1249 2322 usque
1270 2282 1306 2313 in
1328 2292 1407 2313 saec.
1421 2281 1472 2313 17.
1490 2281 1628 2319 deducto,
1651 2282 1778 2313 rasuris

121 2333 284 2373 percrebro
306 2332 434 2373 amputo,
457 2332 495 2364 P.
512 2332 750 2373 Chrysostomus
764 2333 946 2365 Hanthaler
966 2334 1144 2374 scripturae
1165 2335 1304 2366 vetustae
1319 2333 1447 2365 ductum
1462 2333 1617 2365 imitando
1632 2342 1711 2365 saec.
1726 2335 1776 2365 18.

124 2387 217 2417 notas
235 2385 390 2426 quasdam
410 2384 535 2423 adiecit,
557 2394 638 2424 quas
657 2385 749 2416 uncis
766 2385 802 2416 in
816 2384 975 2426 obliquum
985 2386 1102 2426 positis
1116 2384 1258 2417 inclusas
1274 2385 1409 2416 cursivis
1423 2384 1537 2416 litteris
1551 2385 1778 2424 imprimendas

123 2436 242 2468 curavi.
287 2435 338 2468 De
359 2436 474 2477 quibus
495 2435 594 2467 latius
616 2435 786 2476 explanavi
807 2437 912 2469 Neues
935 2437 1055 2469 Archiv
1079 2436 1223 2475 XXXV,
1239 2437 1302 2468 754
1313 2447 1376 2476 sqq.
1486 2476 1492 2482 r

228 2487 447 2528 Necroloyium
481 2487 537 2519 hoc
569 2487 620 2519 vir
648 2487 847 2520 clarissimus
874 2499 913 2520 ac
941 2491 1115 2521 memoratu
1147 2488 1262 2529 diynus
1295 2488 1401 2520 doctor
1428 2486 1603 2518 Heinricus
1633 2497 1724 2527 eques
1755 2497 1777 2518 a

123 2538 285 2580 Zeissbery
299 2538 387 2581 (Das
404 2539 603 2571 Todtenbuch
623 2539 676 2571 des
694 2539 1019 2579 Gistercienserstiftes
1033 2539 1207 2579 Isilienfeld
1222 2540 1257 2571 in
1271 2539 1390 2571 Fontes
1403 2549 1510 2570 rerum
1526 2538 1776 2570 Austriacarum

126 2590 219 2630 XLI,
235 2601 271 2631 p.
287 2591 453 2632 27—185)
475 2591 558 2623 notis
572 2590 727 2631 plurimis
749 2591 884 2624 scientia
905 2602 943 2623 ac
965 2592 1111 2624 doctrina
1135 2591 1314 2631 conspicuis
1335 2590 1502 2631 appositis,
1531 2600 1612 2630 quas
1640 2590 1676 2622 in
1697 2600 1776 2630 opus

68 2648 72 2654 ·
123 2652 225 2674 meum
252 2642 427 2683 tramsferre
451 2652 515 2675 non
541 2645 709 2675 cunctatus
729 2653 813 2682 sum,
837 2644 1055 2683 prooemioque
1078 2645 1261 2684 aryumento
1284 2643 1392 2674 critico
1408 2641 1503 2682 pleno
1520 2642 1696 2683 praemisso
1719 2641 1774 2683 (cfi

123 2694 227 2726 eodem
249 2693 313 2727 loco
330 2704 363 2734 p.
381 2695 502 2736 1—25)
518 2694 648 2734 primus
658 2694 706 2726 'in
728 2694 828 2727 lucem
849 2695 957 2727 edidit.

227 2745 366 2778 Manum
392 2746 533 2778 auctoris
554 2746 695 2786 primam
722 2749 875 2787 notasque
901 2747 941 2779 ab
971 2746 1047 2778 aliis
1069 2746 1212 2778 librariis
1233 2745 1429 2778 saeculorum
1451 2745 1582 2785 defluoeu
1607 2745 1776 2785 inscriptas

126 2797 318 2838 distinquere
344 2808 423 2830 cura
448 2798 572 2830 intendi
597 2798 751 2837 maxima,
779 2801 872 2830 notas
899 2799 938 2830 ab
961 2801 1088 2830 auctore
1110 2807 1190 2829 saec.
1207 2798 1258 2829 13.
1274 2797 1445 2837 inscriptas
1467 2796 1581 2829 litteris
1602 2796 1775 2829 maioribus
