2150 3178
331 190 395 222 330
472 185 584 214 LIBER
602 183 847 213 OBLATIONUM
866 183 912 211 ΕΤ
931 183 1180 211 ANNIVERSAR.
1194 181 1390 210 EOGLESIAE
1408 180 1435 210 S.
1450 180 1634 209 STEPHANI
1651 180 1857 211 VINDOBON.

347 275 374 302 8.
445 273 494 302 VI.
507 273 545 301 id.
593 271 647 299 Hic
665 271 709 299 ob.
723 271 822 299 doctor
836 269 977 298 Martinus
990 269 1096 298 Zinckh
1115 270 1175 298 dec.
1188 271 1218 297 et
1236 277 1298 297 can.
1312 268 1380 296 1518
1398 269 1428 296 et
1446 268 1568 296 testatus
1586 269 1630 296 est
1646 276 1698 303 pro
1715 267 1826 296 anniv¹⁰
1837 267 2000 304 peragendo

643 315 679 344 60
690 314 758 349 we.

344 365 370 394 9.
461 365 495 393 V.
508 365 547 393 id.
592 359 709 392 Anniv.
725 357 918 401 Wolfgangi
940 357 1246 399 Purcharczperger
1273 355 1354 388 alias
1376 355 1534 398 Leyttner
1560 354 1612 387 ob.
1633 354 1679 387 ibi
1700 365 1730 387 a.
1747 357 1809 387 etc.
1824 353 1939 398 (14)15
1967 357 2002 388 et

644 410 812 454 peragitur
833 409 889 451 ibi,
912 409 1034 442 habent
1056 409 1200 441 litteram
1224 407 1359 450 capituli
1382 417 1456 440 cum
1478 417 1573 450 pena.
1661 413 1664 416 ’

332 468 375 498 10.
453 467 501 495 lV.
513 467 551 494 id.
599 462 696 507 [Dux
718 461 990 504 Fridericue¹)‚
1014 461 1056 493 fr.
1073 461 1108 492 n¹
1130 459 1363 500 fundatoris,
1387 458 1511 492 anniv.
1527 458 1651 501 ipsius
1673 457 1746 491 fiet
1766 456 1844 502 ibi.]

333 521 375 550 11.
450 519 551 547 111.id-
597 514 706 558 [Mag.
727 513 920 546 Iohannes
943 512 1200 555 Waechinger
1227 511 1284 544 ob.
1307 512 1345 543 in
1374 510 1436 543 die
1459 509 1616 543 Damasi
1642 519 1742 553 pape
1770 513 1809 543 et
1834 512 2003 543 testatus

647 569 704 599 est
731 567 773 598 10
790 565 852 597 tal.
874 569 896 602 o>
918 564 1093 607 capitulo
1116 575 1185 607 pro
1210 561 1376 607 anniv¹⁰.]
1532 599 1540 608 ·

335 625 376 653 13.
512 624 549 652 id.
593 618 694 651 Nota:
719 618 824 650 anniv.
840 616 943 650 Uli-ici
966 627 1020 649 am
1035 615 1293 648 Newnmarkcht
1315 615 1395 648 aliae
1410 614 1543 647 Zoliner
1564 624 1617 646 am
1632 613 1888 647 Newumarkcht
1906 624 2003 657 pera·

646 670 734 713 gitur
749 669 794 701 ibi
810 679 884 701 cum
899 678 1019 711 magna
1035 678 1131 711 pena,
1147 678 1211 711 que
1229 667 1317 700 cedit
1332 666 1459 699 custodi
1473 665 1684 709 reliquiarum
1702 667 1736 698 et
1749 670 1841 708 mag⁰
1854 665 2003 708 ecclesie,

648 725 685 754 ut
706 722 817 754 littera
840 723 943 752 eonat.

337 780 379 809 19.
424 779 502 806 XIV.
515 778 573 806 kal.
596 774 715 806 Anniv.
732 772 762 805 (1ἰ
777 771 949 804 Wilhelmi
976 771 1152 804 Tuersonis
1179 771 1272 814 ppoe¹
1294 770 1334 813 n¹,
1366 771 1420 814 qui
1448 770 1500 804 ob.
1526 771 1608 803 1439
1635 770 1669 802 in
1694 769 1805 812 vigilia
1832 781 1857 802 e.
1879 769 2005 803 Thome

649 825 799 868 apostoli,
828 827 863 856 et
890 834 962 866 cap.
984 834 1060 856 suun
1082 824 1189 856 anniv.
1211 824 1342 856 omnino
1365 823 1501 866 expedit
1523 822 1605 855 can¹'
1627 832 1687 865 pro
1711 823 1752 854 24
1775 821 1858 865 cap¹¹
1879 832 1939 864 pro
1966 824 2006 855 12

649 876 834 917 octonariis,
857 886 916 918 pro
942 877 982 908 18
998 875 1080 917 vich,
1104 886 1163 918 pro
1190 878 1228 908 14
1245 875 1466 918 gracionariis,
1488 885 1548 918 pro
1567 876 1587 908 8
1603 874 1720 916 levitis,
1743 883 1803 917 per
1818 876 1838 907 6
1852 873 2006 907 candelae

650 929 692 962 ab
716 929 864 967 ecelesia,
889 928 1031 971 quinque
1055 938 1076 960 a
1099 927 1242 971 capitulo
1264 938 1338 960 cum
1361 928 1539 960 solucione.

337 983 380 1011 22.
459 982 505 1010 XI.
519 982 576 1009 kal.
600 981 654 1009 Hic
673 980 717 1008 ob.
730 979 884 1008 leronimus
903 979 1127 1007 Hollenbrunner
1145 979 1254 1012 doctor,
1279 987 1340 1007 can.
1359 981 1389 1007 et
1407 978 1538 1006 officialis
1557 978 1678 1012 Wienn„
1700 977 1779 1006 dedit
1797 977 1831 1006 60
1843 978 1894 1006 tal.
1912 977 1935 1011 ὁ.
1953 986 2006 1013 pro

653 1024 763 1051 annivio
777 1025 923 1058 perpetuo,
943 1031 1041 1050 census
1059 1031 1144 1058 supra
1159 1023 1272 1050 domum
1285 1022 1422 1058 Liephart
1433 1023 1451 1050 4
1463 1022 1515 1050 tal.
1527 1025 1561 1059 Q„
1579 1023 1612 1050 ut
1625 1020 1783 1057 capitulum
1794 1021 1884 1049 habet
1894 1020 2008 1050 littam

655 1077 680 1095 a.
695 1068 719 1095 d.
735 1068 811 1099 1507,
829 1067 871 1094 23.
885 1065 988 1094 mensis
1006 1065 1176 1094 Decembris.

337 1118 381 1147 25.
433 1117 578 1146 VIILkal.
603 1111 655 1156 [D.
673 1111 812 1144 Petrus
835 1110 880 1143 de
902 1110 943 1143 S·
959 1110 1180 1152 Margareta
1203 1120 1317 1152 super
1331 1109 1490 1142 Fontem
1514 1108 1571 1142 ob.
1587 1109 1625 1141 in
1648 1108 1708 1141 die
1731 1107 1950 1141 nativitatis
1973 1107 2007 1140 d¹

653 1164 721 1196 sub
756 1164 868 1206 pulsu
900 1172 1150 1205 vesperorum
1180 1172 1208 1194 a.
1234 1161 1265 1194 d.
1291 1161 1427 1204 1395.·)
1482 1161 1580 1194 Item
1612 1160 1721 1193 dedit
1755 1160 1800 1193 de
1831 1163 2008 1204 prompto

657 1218 699 1248 16
716 1216 779 1248 tal.
798 1219 820 1253 οὶ
840 1214 937 1257 (pro)
953 1217 1140 1257 perpetuo
1163 1213 1308 1246 anniv¹⁰
1327 1217 1365 1246 et
1384 1224 1487 1246 suam
1502 1218 1601 1256 prm,
1625 1212 1699 1245 fuit
1715 1214 1757 1244 51
1775 1215 1843 1250 aa).
1864 1215 1903 1245 et
1920 1222 2009 1245 suun

654 1268 776 1300 anniv.
801 1267 919 1299 debet
947 1276 1097 1309 semper
1123 1266 1272 1309 peragi,
1302 1266 1418 1298 etiam
1441 1268 1460 1297 4
1480 1265 1543 1298 tal.
1562 1269 1601 1307 oy,
1630 1264 1791 1307 insuper
1813 1263 1920 1297 dedit
1940 1275 2008 1308 pro

654 1325 695 1352 n·
723 1319 910 1352 liberat-ia
941 1328 1050 1351 unam
1082 1328 1257 1361 magnam
1286 1317 1448 1350 bibliam
1478 1316 1716 1349 intitulatam
1747 1326 1815 1349 suo
1847 1317 2008 1350 nomine.

656 1372 751 1405 Item
786 1371 936 1403 dotavit
967 1370 1061 1403 duas
1089 1371 1225 1402 missas
1250 1371 1475 1412 perpetuae,
1504 1379 1615 1401 unam
1642 1367 1689 1401 ad
1714 1367 1783 1400 ΒΜ
1807 1367 2009 1401 Nicolaum
2055 1396 2058 1400 ,

654 1422 1017 1456 sanctimonialibus
1040 1421 1313 1455 cisterciensis
1336 1420 1482 1454 ordinis
1508 1423 1545 1454 et
1571 1421 1686 1453 aliam
1713 1419 1760 1452 ad
1782 1419 1852 1452 8¹¹²
1872 1417 2009 1453 Cholo-

656 1485 830 1508 mannum
847 1478 957 1508 extra
972 1474 1127 1507 Portam
1143 1473 1502 1515 Karinthianorum,
1522 1483 1678 1516 quarum
1694 1472 1858 1505 collaeio
1874 1471 2010 1505 amodo

657 1530 810 1570 spectat
830 1527 876 1559 ad
892 1527 1103 1569 capitulum
1126 1536 1193 1559 seu
1217 1530 1322 1558 can0·
1344 1526 1381 1558 in
1404 1526 1632 1558 canonicatu
1656 1527 1694 1557 et
1715 1534 1767 1567 pr.
1784 1529 1823 1556 n·
1843 1524 2011 1556 ecclesie

656 1578 907 1622 residente.0)]

345 1635 388 1665 28.
483 1636 584 1664 V.kal.
610 1630 719 1675 [Mag.
735 1630 958 1663 Fridericue
981 1630 1164 1670 medicus,
1193 1640 1283 1671 can„
1312 1629 1368 1662 ob.
1390 1630 1427 1661 in
1454 1628 1514 1661 die
1538 1630 1779 1661 innocentum
1804 1638 1832 1661 a.
1852 1629 1946 1661 1393
1973 1630 2011 1660 et

658 1683 768 1715 dedit
790 1683 962 1725 capitulo
986 1685 1033 1714 40
1049 1682 1112 1714 tal.
1135 1686 1158 1719 ᾧ.
1178 1693 1246 1724 pro
1269 1680 1451 1724 anniv10b)
1473 1684 1661 1724 perpetuo
1684 1679 1906 1723 peragendo
1930 1689 2011 1712 cum

659 1737 721 1766 2w.
745 1738 778 1767 et
802 1736 842 1768 80
855 1733 892 1778 0>.]

457 1857 481 1889 Ἀ)
501 1856 652 1890 Sequentia:
677 1858 740 1882 Item
764 1857 832 1882 dedit
855 1857 887 1881 de
909 1859 1026 1889 prompto
1047 1857 1078 1881 18
1091 1855 1135 1882 tal.
1152 1853 1175 1887 ᾧ.
1198 1863 1245 1889 pro
1267 1858 1391 1889 perpetuo
1413 1852 1518 1880 anniv¹⁰
1536 1858 1563 1880 et
1579 1862 1657 1887 anper
1675 1854 1730 1880 loco
1748 1862 1810 1879 ram
1827 1853 1926 1886 scripta
1943 1856 2011 1879 nunt.

349 1900 373 1933 ι”)
392 1900 508 1934 Sequem
526 1900 602 1926 huius
620 1904 695 1926 notae
709 1908 778 1932 pars
796 1907 873 1932 super
892 1899 947 1925 loco
965 1907 1027 1924 meo
1045 1898 1151 1931 σῶμα.
1256 1898 1279 1931 ⁰)
1298 1898 1470 1924 residentibus
1487 1897 1543 1924 cod.

455 1978 476 2011 ¹)
496 1976 656 2004 Fridem'aems
675 1976 744 2009 111„
761 1975 847 2009 frater
867 1975 982 2009 Rudolfi
1000 1974 1064 2009 IV„
1083 1975 1122 2002 ob.
1136 1975 1167 2001 in
1184 1974 1323 2002 venatione
1341 1983 1367 2001 α.
1380 1977 1450 2002 1362.
