2150 3178
349 198 413 230 328
486 194 597 223 LIBER
616 193 862 222 OBLATIONUM
880 193 927 221 m·
946 193 1196 221 ANNIVERSAR.
1209 192 1408 221 ECGLESIAE
1425 192 1452 221 8.
1466 193 1652 221 STEPHANI
1670 193 1874 223 VINDOBON.

349 287 393 314 29.
469 286 516 314 IV.
529 286 587 313 kal.
609 282 726 314 Anniv.
743 281 930 314 Ohuenradi
958 281 1016 314 des
1039 280 1169 314 Schoen
1191 279 1360 313 Hertleins
1382 291 1441 314 sun
1469 281 1511 314 ab
1535 280 1611 314 dem
1633 281 1706 314 hoff
1725 281 1826 315 debet
1847 282 1962 326 peragi
1984 282 2018 315 in

662 333 774 376 vigilia
796 333 820 365 si
838 333 1037 377 Wolfgangi‚
1061 334 1137 376 quia
1160 332 1252 366 dedit
1273 343 1370 364 unam
1390 333 1519 366 vineam
1540 333 1682 376 capitulo
1701 338 1737 365 n⁰
1752 343 1855 377 prope
1870 333 2019 378 Medling

662 387 792 419 nomine
815 387 847 418 in
871 386 934 418 den
958 385 1131 426 ackchem‚
1154 385 1323 427 peragitur
1345 395 1418 418 cum
1442 384 1648 428 chum-(ado)
1671 385 1712 418 de
1735 384 1882 418 Ozwettl.

349 443 393 472 30.
468 442 586 470 HLkal.
609 438 695 471 Item
718 438 823 470 anniv.
841 437 1096 480 mag¹10hannis
1119 436 1236 469 Glaser
1259 436 1300 469 de
1316 436 1460 470 Winden
1483 440 1517 469 et
1539 437 1626 480 mag¹
1645 437 1792 470 Hainrici
1815 437 1857 470 de
1877 438 2018 471 Barren-

663 490 757 523 hofer
779 491 946 533 peragitur
968 490 1012 522 ibi
1037 500 1110 522 cum
1132 500 1218 532 pena
1241 492 1274 522 et
1297 489 1506 532 Margarethe
1529 489 1595 522 ux¹'
1619 489 1807 522 eorundem.

350 547 394 576 31.
483 548 518 575 11.
531 546 589 574 kal.
612 542 710 585 Nota,
728 542 816 585 quod
833 543 938 575 anniv.
956 542 991 574 (1θ
1006 542 1152 575 Barbare
1169 541 1282 574 relicte
1299 541 1458 584 Stephani
1471 541 1621 584 Wiesing
1637 541 1715 574 mil¹·
1731 544 1782 574 est
1795 541 2019 585 peragendum

664 596 696 627 in
720 595 831 637 vigilia
855 595 997 627 omnium
1021 599 1103 626 s⁰¹¹¹¹¹¹
1127 596 1160 626 et
1183 593 1282 626 debet
1304 593 1462 637 peragi.¹)

1040 708 1338 745 NOVEMBER.

366 789 392 817 2.
467 789 513 816 lv.
526 797 590 816 non.
613 784 654 816 D.
672 784 815 816 Thomas
839 787 945 815 custos
969 783 1020 815 ob.
1038 783 1070 814 in
1087 782 1140 815 die
1157 783 1336 815 animarum
1352 783 1436 815 infra
1451 783 1618 826 publicam
1634 783 1764 815 missam
1781 793 1810 815 a.
1828 785 1888 816 etc.
1906 782 2019 826 (14)95

666 840 700 869 et
718 839 856 868 testatus
880 839 930 868 est
945 834 1087 877 capitulo
1115 836 1153 867 16
1166 840 1196 866 u
1215 839 1239 873 ὁ.
1259 838 1293 867 et
1315 839 1392 877 pr·m
1407 845 1510 876 suam,
1534 845 1597 878 que
1621 834 1699 867 fecit
1722 835 1762 867 33
1778 838 1809 866 w
1826 838 1851 873 ι).
1870 845 1929 877 pro
1945 845 2020 877 per-

665 891 765 931 petuo
796 887 916 920 anniv¹⁰
943 887 1131 930 peragendo
1164 897 1237 919 cum
1267 887 1326 929 2¹l²
1347 892 1378 919 w
1400 892 1425 924 ο).
1474 887 1591 920 Anniv.
1615 886 1786 919 fundatum
1817 897 1876 929 per
1904 891 2022 930 mag*²¹¹²

665 940 847 982 Nycolaum
864 939 905 972 de
921 938 1250 972 Honharczchirchen
1267 944 1366 972 can*¹¹¹¹
1376 949 1455 973 cum
1472 941 1490 972 3
1504 944 1534 971 w
1547 943 1571 978 ᾤ.
1584 938 1723 981 Wyenn.
1740 938 1891 981 perpetui
1906 948 2022 972 census

667 993 785 1034 emptis
811 1002 910 1034 super
937 991 1028 1024 bonis
1056 991 1190 1033 capituli
1218 991 1248 1023 n¹
1274 992 1307 1023 in
1335 990 1680 1034 Gramansnewsfidel)
1710 994 1744 1023 et
1769 992 1801 1023 in
1828 990 2026 1024 Molenstorf

666 1046 698 1076 in
722 1047 838 1076 octava
861 1044 1042 1076 animarum
1064 1044 1096 1075 in
1117 1043 1295 1076 subsidium
1312 1044 1456 1076 omnium
1472 1044 1652 1076 animarum
1668 1042 1910 1086 purgandarum
1925 1052 2021 1085 pera-

667 1096 810 1139 gendum
838 1106 911 1128 cum
938 1096 1035 1128 missa
1059 1095 1285 1128 defunctorum
1309 1098 1342 1128 et
1365 1095 1482 1128 eodem
1507 1095 1560 1128 die
1584 1095 1625 1127 de
1648 1104 1784 1137 vespere
1808 1105 1881 1127 cum
1903 1094 2022 1137 vigiliis

667 1159 784 1181 novem
808 1149 988 1180 leccionum
1013 1151 1045 1180 et
1069 1158 1142 1180 cum
1163 1147 1314 1180 laudibus
1338 1147 1549 1180 decantandis
1572 1150 1606 1179 et
1629 1157 1702 1179 cum
1725 1148 1765 1178 24
1788 1145 1932 1178 candelis
1954 1149 2022 1179 tam

666 1200 708 1233 ad
727 1201 858 1232 missam
875 1210 972 1243 quam
995 1199 1037 1232 ad
1053 1199 1181 1242 vigilias
1196 1199 1409 1232 incendendis
1432 1202 1465 1232 et
1480 1199 1598 1232 eodem
1615 1198 1678 1240 die,
1702 1209 1766 1241 quo
1782 1198 1887 1230 anniv.
1905 1198 2022 1240 agitur,

668 1252 790 1284 debent
814 1252 854 1284 de
878 1251 1033 1294 predictis
1057 1253 1075 1283 3
1089 1256 1119 1282 w
1139 1256 1160 1289 ο)
1181 1261 1239 1284 sex
1262 1251 1344 1294 θῆρ’·
1360 1251 1401 1284 n¹·
1417 1254 1451 1284 et
1474 1254 1493 1284 2
1508 1251 1714 1294 gratianariis
1735 1250 1788 1283 vel
1811 1249 1883 1282 aliis
1903 1251 1922 1282 8
1940 1249 2023 1292 pbr&

666 1305 775 1347 probis
804 1308 837 1336 et
867 1304 993 1336 devotis
1016 1304 1149 1336 cuilibet
1173 1306 1243 1345 805„
1275 1307 1311 1336 ut
1333 1303 1470 1346 quilibet
1492 1304 1636 1346 ipsorum
1659 1302 1805 1335 celebret
1827 1301 1946 1335 eodem
1969 1301 2022 1334 die

666 1357 718 1388 vel
742 1356 825 1388 infra
849 1355 990 1388 triduum
1008 1358 1084 1398 post
1097 1356 1229 1399 missam
1247 1355 1471 1388 defunctorum
1495 1356 1527 1387 in
1543 1354 1723 1387 subsidium
1740 1354 1883 1386 omnium
1899 1354 2022 1387 anima-

668 1419 739 1440 rum
760 1409 790 1440 in
808 1408 997 1450 purgatorio
1014 1409 1233 1450 existentium,
1257 1411 1291 1440 et
1305 1407 1470 1441 residuum
1486 1408 1623 1450 pecunie
1641 1406 1739 1439 debet
1755 1409 1858 1438 totum
1875 1405 2023 1439 distribui

668 1461 752 1492 inter
775 1464 956 1502 presentes,
987 1460 1070 1492 sicut
1096 1463 1294 1492 conswetum
1324 1462 1374 1492 est
1401 1459 1470 1492 fieri
1501 1460 1534 1491 in
1563 1459 1635 1492 aliis
1663 1457 1789 1491 anniv¹¹·
1815 1458 1846 1490 n¹
1868 1457 1938 1500 cap¹
1960 1459 2021 1490 etc.

668 1511 755 1544 Nota
785 1512 971 1554 diiigenter,
1005 1511 1092 1553 quod
1122 1511 1309 1544 Bonifacius
1340 1521 1427 1554 papa
1458 1521 1561 1543 nonus
1590 1521 1649 1553 per
1677 1513 1784 1543 certas
1812 1520 1887 1542 suas
1916 1509 2023 1542 bullas

669 1564 817 1596 omnibus
841 1574 917 1596 vere
942 1563 1160 1606 penitentibus
1183 1566 1217 1596 et
1239 1563 1406 1604 confessis,
1430 1564 1484 1606 qui
1502 1563 1682 1606 vigiliarum
1706 1564 1739 1594 et
1754 1562 1851 1594 misse
1868 1561 2022 1594 decanta-

669 1616 752 1647 cioni
776 1615 960 1648 huiusmodi
984 1615 1102 1648 devote
1125 1616 1331 1648 interfuerint
1353 1615 1519 1648 annuatim
1542 1616 1684 1657 quinque
1707 1624 1808 1646 annos
1832 1616 1865 1645 et
1885 1612 2023 1645 totidem

669 1667 896 1710 quadragenas
919 1667 960 1700 de
985 1668 1134 1700 iniunctis
1157 1669 1204 1700 eis
1223 1668 1414 1710 penitenciis
1430 1667 1682 1699 misericorditer
1696 1666 1855 1698 relaxavit
1869 1675 1899 1697 a.
1915 1665 2023 1707 ponti-

669 1720 784 1751 ficatus
807 1721 856 1751 sui
879 1720 948 1758 XL,
972 1720 1017 1751 II.
1034 1730 1107 1751 non.
1125 1719 1238 1751 Marcii
1262 1730 1290 1751 a.
1308 1719 1339 1751 d.
1361 1721 1451 1752 1400.

370 1775 395 1803 6.
444 1774 518 1802 VIII.
532 1774 569 1802 id.
620 1771 805 1803 Leonhardi
835 1771 989 1803 Pollonis.
1044 1772 1096 1803 An
1128 1771 1207 1803 saud
1238 1771 1440 1804 Leonhartcs
1470 1770 1570 1803 abent
1598 1771 1684 1812 singt
1715 1780 1790 1802 man
1822 1769 1931 1811 vigilie
1964 1767 2022 1800 des

668 1834 820 1865 mergens
844 1823 897 1855 die
917 1823 1084 1864 sehnezze,
1108 1823 1173 1855 und
1196 1823 1245 1855 sol
1269 1823 1375 1855 haben
1398 1833 1512 1855 newen
1535 1822 1692 1854 cherczen
1715 1823 1756 1854 36
1778 1821 1845 1853 und
1868 1821 1937 1863 geit
1959 1819 2023 1852 den

670 1878 689 1907 4
706 1876 847 1907 vicarien
871 1886 930 1917 per
952 1878 993 1907 50
1006 1879 1041 1917 e„
1065 1875 1191 1918 (den)·)
1215 1875 1404 1918 gracianern
1427 1885 1487 1917 per
1509 1876 1550 1906 30
1567 1880 1600 1914 ο),
1625 1874 1687 1906 den
1711 1876 1729 1905 5
1747 1872 1942 1915 chappellan
1964 1881 2024 1914 per

671 1930 710 1959 35
726 1932 763 1967 oh,
788 1927 850 1959 den
867 1927 1132 1960 chorschvestern
1150 1937 1210 1970 per
1229 1929 1268 1960 18
1284 1927 1320 1969 (ο)
1334 1927 1390 1970 )·),
1414 1927 1488 1959 dem
1504 1929 1616 1969 gustet
1633 1927 1683 1968 16,
1707 1925 1782 1958 dem
1797 1924 2024 1957 schulmaister

671 1981 711 2011 32
724 1984 759 2020 ὰ,
784 1979 857 2011 dem
882 1980 1005 2011 cantori
1022 1981 1062 2011 24
1081 1983 1117 2021 ολ,
1141 1979 1215 2011 dem
1233 1980 1411 2011 accusatori
1430 1981 1468 2010 14
1484 1985 1520 2019 cy,
1545 1978 1607 2011 den
1623 1981 1815 2021 partragern
1833 1979 1871 2010 16
1886 1981 1923 2017 0).‚
1947 1975 2022 2008 dem

669 2041 799 2063 mesner
821 2031 894 2063 fuer
916 2031 1041 2073 geleytt
1062 2031 1129 2063 und
1151 2032 1235 2063 wein
1259 2033 1278 2063 6
1294 2032 1325 2073 β.
1339 2036 1363 2067 ᾧ.

373 2087 398 2114 9.
487 2087 519 2114 V.
532 2087 568 2113 id.
618 2083 712 2115 Circa
743 2083 873 2115 Martini
902 2084 1070 2125 peragitur
1101 2084 1206 2115 anniv.
1231 2083 1432 2115 Bartolomei
1462 2083 1633 2124 Zynespan
1665 2084 1698 2114 et
1727 2081 1865 2124 Agnetis
1894 2080 2022 2121 Anger-

669 2135 837 2167 velderinn
868 2135 934 2167 uxi·
956 2136 1056 2178 ipsius
1088 2146 1160 2167 cum
1193 2136 1233 2168 36
1257 2134 1400 2167 candelis
1428 2145 1500 2166 cum
1533 2134 1627 2176 pulsu
1657 2144 1777 2175 magno
1810 2135 1844 2164 et
1875 2135 1894 2164 5
1918 2130 2023 2163 missis

671 2187 895 2219 defunctorum
904 2187 933 2229 b)
957 2211 1076 2228 ......
1102 2189 1194 2219 1421.

358 2243 400 2271 10.
471 2242 517 2269 IV.
532 2242 569 2269 id.
618 2239 735 2270 Anniv.
751 2239 905 2271 Iohannis
928 2239 969 2270 de
994 2238 1156 2281 Strening,
1180 2239 1257 2270 olim
1280 2238 1517 2281 perckmaister
1538 2237 1570 2269 in
1586 2237 1743 2279 Medling,
1767 2235 1858 2268 dedit
1880 2233 2022 2276 capitulo

669 2294 710 2323 50
723 2296 753 2322 <ur
770 2296 798 2328 ᾧ.
818 2302 876 2333 pro
893 2291 1020 2322 annivi0.
1061 2291 1146 2323 Item
1170 2291 1227 2322 das
1245 2290 1364 2332 capitel
1387 2290 1436 2322 sol
1459 2291 1582 2322 seinem
1606 2288 1757 2331 cappllan
1779 2298 1815 2320 ze
1836 2287 1915 2319 saud
1930 2286 2022 2319 Iero-

671 2343 757 2374 nimo
782 2343 889 2385 geben
909 2345 928 2374 8
941 2347 965 2380 ὁ.
1003 2343 1185 2375 Desselben
1209 2345 1280 2384 tage
1303 2343 1407 2374 anniv.
1425 2341 1573 2383 Nycolay
1589 2340 1771 2373 Gramaner
1793 2350 1866 2371 cum
1885 2342 1898 2370 1
1917 2339 1973 2371 tal.
1986 2344 2022 2379 (5.,

670 2405 768 2437 quam
790 2395 937 2436 percepit
959 2395 1023 2426 iam
1040 2394 1302 2436 Hanhawppinn,
1327 2393 1385 2425 das
1406 2404 1442 2425 er
1457 2393 1530 2425 dem
1547 2392 1775 2424 kirchmaister
1789 2391 1856 2423 und
1872 2391 1947 2424 dem
1963 2401 2021 2434 ge-

671 2446 867 2478 scheffthern
891 2457 927 2477 ze
952 2446 1026 2478 dem
1051 2446 1153 2487 opher
1176 2446 1272 2488 sag.⁰)

360 2501 402 2529 13.
532 2503 572 2529 id.
622 2498 738 2529 Anniv.
755 2498 846 2529 Petri
869 2498 1001 2538 Ozekel‚
1031 2499 1090 2529 civ.
1103 2497 1276 2540 Wienn.‘¹),
1302 2498 1470 2540 peragitur
1495 2496 1540 2528 ibi
1564 2506 1637 2528 cum
1661 2497 1724 2527 2&
1748 2495 1789 2528 de
1812 2495 1968 2528 reditibus
1989 2496 2023 2528 in

671 2549 885 2591 Meczelstarf,
910 2550 991 2581 sicut
1014 2550 1124 2581 littera
1147 2553 1249 2591 sonat,
1274 2560 1371 2591 quam
1393 2548 1495 2580 habet
1516 2559 1536 2580 a
1559 2547 1711 2590 capitulo.
1757 2548 1797 2579 A.
1815 2547 1845 2579 d.
1863 2549 1945 2580 1422
1969 2547 2021 2580 ob.

672 2601 702 2634 d.
720 2602 882 2634 Iohannes
897 2601 1076 2644 WVogawer
1091 2601 1351 2643 bacc(alaureus)
1367 2601 1400 2632 in
1418 2600 1557 2632 decretis
1579 2599 1644 2632 heu
1658 2600 1840 2641 intestatus,
1863 2610 1940 2631 vero
1963 2609 2024 2641 per

465 2717 488 2750 ¹⁵)
507 2718 637 2751 supplevi.
731 2717 755 2750 b)
776 2719 890 2751 Sequens
909 2719 984 2744 huius
1002 2724 1077 2744 notae
1091 2728 1159 2751 pars
1177 2723 1242 2744 certe
1260 2719 1310 2752 leqi
1326 2719 1419 2751 nequit.
1513 2718 1535 2749 c)
1558 2717 1647 2743 Cetera
1665 2717 1765 2743 denmt.
1858 2715 1883 2750 ²¹)
1901 2715 2024 2749 Sequitur

361 2761 524 2786 exstinctum.-
542 2762 587 2794 qui
605 2762 689 2787 adhuc
708 2763 781 2788 vivit.

468 2834 488 2867 ¹)
506 2835 591 2868 prout
609 2833 639 2860 in
657 2833 755 2861 littera
773 2834 877 2868 penali.
