2150 3178
155 281 200 308 25.

157 430 200 459 26.

155 1012 197 1040 29.

674 186 942 216 NECROLOGIUM
963 186 1296 213 MARIAECELLENSE.
1756 192 1764 220 1
1774 191 1815 222 39

262 280 324 307 VII.
337 280 394 307 kal.
418 276 621 308 Gotfridus
643 275 759 317 abb.¹)
804 273 1062 306 Wernhardus
1091 274 1112 304 l.
1143 272 1192 316 [et
1219 273 1261 305 fr.
1283 273 1475 305 Henricus
1504 274 1548 305 de
1579 273 1611 306 S.
1634 275 1816 309 Floriano

467 328 546 369 pbr.
570 331 606 360 et
631 338 673 359 m.
696 324 941 368 Melieensis.]
992 325 1045 357 Fr.
1062 325 1278 356 Perohtoldus
1306 325 1375 367 pbr.
1401 329 1434 357 et
1460 337 1502 357 m.
1526 326 1607 368 prof.
1632 328 1665 358 in
1688 328 1816 361 Melico.

468 379 511 405 Fr.
523 379 704 406 Sebastianus
723 387 780 405 acc.
794 377 876 404 monii
894 377 922 403 in
941 376 1125 404 Seittnstetlzn
1143 378 1173 403 et
1191 376 1224 403 fr.
1238 377 1374 404 Iohannes
1394 386 1435 404 cv.
1449 377 1476 403 in
1498 377 1666 412 Tegernnse.

275 430 322 458 VI.
335 431 391 458 kal.
414 427 631 459 Hartwieus
647 427 725 468 pbr.
744 429 782 457 et
796 436 838 457 m.
854 437 884 456 n.
902 435 928 456 c.
975 424 1213 465 Chunradus,
1238 425 1347 464 Otto,
1371 425 1404 456 1³.
1451 425 1518 469 [Fr.
1535 426 1721 458 Albertus
1738 429 1815 469 pbr.

467 482 504 510 et
525 489 568 510 m.
590 478 635 510 de
658 476 860 520 Lambaco]
885 479 918 508 et
941 476 978 507 fr.
995 476 1198 508 Iheronimus
1221 476 1290 517 pbr.
1309 480 1341 508 et
1365 488 1406 508 m.
1425 477 1465 508 de
1482 477 1662 520 Farnpach.
1708 480 1816 513 Chun-

467 530 563 562 radus
579 529 620 562 de
636 529 829 571 Farmpach.
864 528 916 560 Fr.
931 527 1155 570 Sigismundus
1171 528 1240 569 pbr.
1258 529 1339 569 prof.
1359 529 1391 559 in
1407 529 1437 559 N
1440 529 1602 572 ewburga.
1637 531 1689 563 Fr.
1699 532 1817 564 Wolff-

468 592 592 624 gangus
615 582 685 623 pbr.
703 585 736 613 et
758 592 799 612 m.
817 592 846 612 n.
864 591 890 612 e.

289 642 323 668 V.
337 638 392 669 kal.
417 637 647 679 Dyetmarus
662 637 683 668 l.
720 635 897 680 [Georius
913 647 988 668 acc.
1019 636 1240 678 Walpurgis
1256 636 1353 679 m¹³⁸.J
1390 637 1511 669 Paulus
1528 638 1600 670 abb.
1619 638 1660 670 de
1676 639 1817 683 Pruel.2)

466 689 725 721 Emmerammus
753 688 822 730 pbr.
847 691 880 720 et
908 688 946 719 fr.
968 687 1088 729 Symon
1119 687 1159 719 de
1188 688 1392 729 Campidona
1421 689 1490 730 pbr.
1515 690 1596 731 prof.
1621 691 1652 722 in
1676 692 1816 724 Mellico.

466 740 519 772 Fr.
542 740 695 772 Erasmus
725 740 794 782 pbr.
821 740 902 781 prof.
930 740 963 770 in
992 739 1187 780 Tegernsee.
1240 739 1400 772 Iohannes
1430 752 1520 783 ppos.
1551 741 1592 773 de
1622 742 1816 786 Newburga.

467 791 628 834 Georgius
652 784 721 833 pbr.
739 795 773 823 et
794 802 837 823 m.
854 791 894 822 de
918 790 1088 822 Gottwico.

276 851 322 878 IV.
334 852 391 879 kal.
415 848 537 880 Lucas
561 859 612 880 ev.
629 859 659 879 n.
676 858 702 879 c.
749 847 1006 879 Gotschalcus
1029 846 1048 878 l.
1095 845 1162 889 [Fr.
1179 847 1431 890 Wolfgangus
1455 849 1623 882 subdiac.
1645 855 1683 883 et
1706 862 1747 883 m.
1771 851 1817 883 de

467 899 662 942 Gotwieo.]
713 899 766 931 Fr.
783 899 944 931 Iohannes
968 909 1015 930 cv.
1039 899 1121 940 prof.
1142 899 1183 930 ad
1208 898 1239 930 S.
1257 899 1457 932 Dorotheam
1482 901 1620 934 Wienne
1649 906 1681 935 et
1708 903 1745 934 fr.
1764 904 1816 935 Io-

466 952 588 983 hannes
611 951 681 993 pbr.
700 954 734 983 et
755 962 797 982 m.
816 951 857 982 de
880 951 913 983 S.
931 950 1044 983 Cruce.

273 1013 323 1040 ΙΙΙ.
335 1013 393 1040 kal.
418 1007 627 1050 Dyemudis
649 1008 690 1039 1⁸.
728 1007 828 1039 Erbo
853 1007 873 1038 l.
910 1006 963 1038 Fr.
981 1007 1170 1039 Ohonradus
1188 1007 1256 1049 pbr.
1275 1011 1308 1039 et
1323 1019 1366 1039 m.
1385 1008 1425 1040 de
1441 1008 1623 1041 Fornbach.
1661 1010 1701 1042 D.
1719 1011 1817 1044 Nico-

466 1059 536 1091 laus
558 1059 644 1102 pleb.
661 1060 692 1090 in
717 1058 934 1101 Chaumperg.
981 1064 1023 1090 Fr.
1037 1063 1193 1091 ffi-idericus
1213 1064 1292 1098 prior
1310 1066 1340 1091 et
1355 1074 1390 1092 m.
1407 1074 1435 1092 n.
1453 1074 1476 1092 c.
1495 1075 1519 1093 a..
1538 1064 1640 1102 (150)1.
1686 1068 1729 1095 Fr.
1747 1069 1816 1096 Lau-

467 1110 575 1138 reneius
594 1110 666 1137 diac.
686 1110 719 1137 de
740 1110 880 1144 Newurga
900 1109 1059 1137 Claustrali.

288 1163 323 1190 11.
336 1163 392 1190 kal.
415 1159 622 1190 Hainrieus
649 1158 731 1190 abb.
753 1169 783 1190 n.
804 1169 831 1189 c.
882 1157 1088 1200 Gerungus
1117 1169 1168 1190 ev.
1191 1170 1220 1190 n.
1244 1168 1271 1190 c.
1294 1158 1340 1190 de
1364 1159 1505 1192 Paden.
1559 1161 1817 1195 Hartmannus

466 1211 543 1252 pbr.
561 1213 598 1242 et
617 1210 658 1242 fr.
675 1221 705 1241 n.
723 1220 748 1241 c.
795 1209 979 1241 Nicolaus
996 1209 1192 1242 officialis.
1241 1209 1398 1253 [Paulus
1414 1211 1493 1253 pbr.
1509 1212 1554 1244 de
1571 1212 1816 1258 Tirnnstain.]

465 1262 518 1294 Fr.
534 1262 684 1294 Andreas
706 1261 775 1304 pbr.
794 1265 826 1293 et
847 1272 889 1293 m.
906 1261 947 1293 de
970 1261 1142 1293 Ennstorff.
1189 1262 1330 1294 Michael
1354 1262 1423 1304 pbr.
1448 1263 1488 1295 de
1511 1264 1696 1307 Newburga
1719 1266 1816 1298 Olau-

467 1314 565 1346 strali.
611 1318 656 1345 Fr.
674 1318 795 1345 Michael
819 1318 913 1345 senior
936 1318 972 1344 ad
995 1318 1022 1345 S.
1040 1318 1166 1345 Crucem.

901 1436 1073 1473 IULIUS.

334 1517 391 1544 kal.
414 1510 660 1543 Meinhardus
682 1511 702 1542 l.
748 1511 901 1543 Nieolaus
911 1511 939 1554 ³)
956 1522 1046 1553 ppos.
1064 1510 1158 1543 monii
1174 1523 1198 1543 e.
1211 1511 1378 1544 Dorothee
1396 1512 1546 1545 Wienne.
1584 1515 1637 1547 Fr.
1655 1515 1816 1550 Iohannes

465 1562 534 1605 pbr.
553 1563 634 1604 prof.
655 1563 688 1594 in
711 1563 902 1594 Tirnnstain.
952 1562 1004 1594 Fr.
1022 1562 1145 1604 Caspar
1168 1563 1238 1604 pbr.
1255 1563 1336 1604 prof.
1359 1564 1391 1595 in
1415 1564 1610 1608 Newburga.
1656 1573 1684 1599 P.
1701 1574 1815 1602 Maurus

466 1623 542 1648 prlor
560 1623 587 1640 n.
599 1622 623 1640 c.

268 1667 315 1694 VI.
327 1675 390 1694 non.
414 1662 638 1694 Chunradus
667 1661 745 1704 pbr.
786 1662 961 1694 'Thomas
990 1662 1010 1693 l.
1064 1667 1185 1694 Thomas
1213 1668 1466 1703 Schluntgrueber,
1502 1670 1640 1698 lohannes
1664 1672 1814 1706 Wishaier,

466 1713 617 1741 Mauricius
636 1715 697 1745 ete,
717 1714 743 1740 li.
779 1714 822 1741 Fr.
838 1714 974 1741 Iohannes
993 1714 1052 1748 pbr.
1068 1716 1097 1741 et
1114 1724 1150 1741 m.
1165 1715 1245 1741 monii
1265 1715 1531 1743 Krembsmuenster.

278 1768 310 1794 V.
323 1776 389 1795 non.
413 1763 633 1794 Waltherus
649 1762 726 1794 dee.
773 1761 948 1804 Syfridus
970 1762 990 1793 l.
1033 1762 1297 1805 Wolffgangus
1314 1773 1391 1794 ean.
1409 1767 1447 1795 et
1462 1763 1694 1806 Walthmar,
1719 1768 1816 1808 profi

466 1818 502 1846 et
525 1819 621 1846 sace·
644 1814 688 1846 de
712 1813 921 1856 S.Yp01it0.
967 1814 1129 1846 Iohannes
1152 1814 1222 1856 pbr.
1240 1818 1273 1846 et
1295 1825 1337 1846 m.
1355 1814 1396 1846 de
1421 1815 1616 1858 Tegernsee.

267 1869 314 1896 IV.
327 1878 389 1896 non.
413 1865 556 1897 Albero
579 1865 661 1897 abb.
707 1865 855 1898 Oecilia
878 1865 962 1897 mm.
1009 1864 1194 1908 [Albanus
1221 1866 1297 1908 pbr.
1322 1866 1368 1898 de
1393 1866 1425 1898 S.
1442 1868 1664 1912 Dorothea.]
1713 1870 1815 1903 Hein-

465 1918 548 1948 ricus
576 1928 667 1959 ppos.
684 1918 716 1948 in
740 1916 910 1958 Gloknicz‚
941 1918 979 1950 fr.
1031 1917 1082 1948 Fr.
1099 1917 1282 1959 Stephanus
1306 1929 1352 1950 ev.
1371 1929 1400 1950 n.
1419 1929 1445 1950 c.
1493 1919 1670 1953 scolastica
1698 1922 1761 1954 ιιιΠΒ
1784 1924 1815 1954 in

466 1969 623 2001 Gotwieo.

263 2027 311 2053 ΙΙΙ.
324 2035 392 2053 non.
414 2021 553 2052 Petrus
568 2021 589 2052 1.
637 2020 763 2064 [Clara
779 2022 819 2052 1¹.
858 2021 998 2053 Petrus
1013 2022 1331 2064 Reychelperger
1347 2022 1380 2065 1.]
1410 2023 1645 2066 >Chunigundis
1661 2025 1815 2067 Boppen-

464 2073 625 2114 pergerin.
670 2072 722 2104 Fr.
740 2072 902 2104 Steffanus
925 2073 995 2115 pbr.
1013 2077 1046 2105 et
1067 2074 1139 2115 m.·)
1157 2073 1197 2106 de
1213 2074 1331 2106 Melico
1357 2078 1389 2106 et
1412 2074 1450 2106 fr.
1467 2075 1628 2107 Iohannes
1652 2077 1692 2108 de
1709 2077 1816 2109 Hallis

463 2124 534 2166 pbr.
552 2127 585 2156 et
607 2135 648 2156 m.
665 2135 696 2156 n.
712 2135 738 2157 c.
755 2124 837 2166 prof.
855 2128 887 2156 et
909 2125 948 2156 fr.
964 2125 1117 2156 Placidus
1140 2125 1210 2167 pbr.
1229 2129 1262 2157 et
1286 2137 1325 2157 m.
1343 2119 1584 2160 Lambaoensis.
1631 2133 1682 2160 Ob.
1700 2134 1740 2161 fir.
1757 2135 1814 2161 Ma-

466 2174 542 2202 thias
561 2175 622 2209 pbr.
636 2177 665 2202 et
683 2185 719 2202 m.
732 2175 911 2203 Mellicensis.

272 2225 308 2252 ΙΙ.
321 2233 388 2252 non.
412 2219 598 2251 Albertus
620 2219 699 2261 pbr.
715 2230 746 2251 n.
763 2229 788 2250 c.
834 2218 1043 2261 Pilgrimus
1066 2220 1168 2261 pleb.
1215 2220 1356 2252 Michael
1380 2231 1448 2253 can.
1467 2221 1508 2253 de
1525 2221 1718 2264 Newburga.
1762 2224 1815 2258 Fr.

466 2270 623 2302 Ieremias
646 2270 715 2312 pbr.
733 2274 766 2302 et
788 2281 830 2302 m.
848 2270 930 2313 prof.
947 2271 980 2302 in
1002 2270 1141 2303 Mellioo.

326 2340 392 2359 non.
416 2326 506 2358 Otto
529 2327 549 2358 l.
597 2326 842 2359 Adelhardus
865 2327 886 2358 l.
931 2327 1060 2359 Martha
1082 2332 1135 2359 ev·
1158 2327 1198 2359 de
1222 2327 1393 2360 Gottwico.

235 2387 311 2413 V111.
325 2386 361 2413 id.
413 2382 638 2424 Dyepoldus
661 2383 738 2425 pbr.
783 2383 1013 2425 Dyetmarus
1036 2383 1055 2414 l.
1102 2382 1256 2427 [Paulus
1279 2384 1358 2425 pbr.
1380 2387 1418 2416 et
1440 2395 1482 2416 m.
1501 2385 1546 2417 de
1571 2385 1601 2418 S.
1620 2386 1756 2430 Oruce]
1782 2391 1814 2420 et

466 2434 503 2466 fr.
521 2434 662 2466 Thomas
689 2434 758 2476 pbr.
782 2438 815 2467 et
843 2446 884 2466 m.
902 2446 932 2466 n.
949 2446 975 2467 c.
999 2439 1170 2467 Haunsehilt
1193 2436 1326 2474 senior.¹’)
1372 2441 1405 2467 D.
1422 2437 1589 2477 Quirinus4)
1614 2443 1681 2469 olim
1705 2443 1768 2471 abb.
1784 2444 1815 2471 in

467 2485 631 2520 Tegernsee.

251 2533 311 2561 VII.
324 2533 363 2560 id.
416 2529 506 2560 Otto
527 2529 605 2571 pbr.
652 2529 725 2571 Sop
733 2529 806 2571 hya
821 2529 859 2561 1⁸.
904 2530 957 2562 Fr.
973 2529 1095 2562 Paulus
1111 2540 1158 2562 cv.
1175 2541 1205 2561 n.
1222 2541 1260 2570 e.‚
1284 2541 1369 2573 mag.
1386 2531 1532 2572 coquine.
1578 2531 1631 2563 Fr.
1649 2532 1814 2564 Sebastia-

466 2592 525 2613 nus
547 2581 616 2623 pbr.
633 2585 666 2613 et
687 2592 729 2613 m.
747 2581 788 2613 de
811 2581 924 2614 Scotis.
970 2587 1003 2614 D.
1018 2586 1176 2621 Ruepertus
1196 2587 1258 2621 pbr.
1275 2588 1348 2622 prof.
1366 2587 1403 2614 ad
1423 2587 1450 2614 S.
1468 2588 1642 2615 Dorotheam
1659 2588 1787 2616 Wienne.

260 2703 283 2734 Β)
301 2703 475 2728 monachabus
494 2703 549 2728 cod.
654 2701 678 2735 b)
697 2703 853 2728 Haunsehilt
870 2703 954 2728 senior
971 2712 1051 2728 mana
1069 2711 1134 2729 saec.
1147 2706 1186 2729 16.
1205 2712 1283 2736 super
1302 2704 1372 2730 linea
1389 2704 1541 2736 suppletum.

262 2779 283 2812 ¹)
302 2778 488 2805 Admontensis
514 2782 681 2806 1138—1165.
794 2780 815 2812 ²)
836 2778 881 2806 Ob.
902 2779 976 2806 circa
1002 2788 1028 2806 α.
1050 2783 1125 2806 1425.
1239 2781 1259 2813 ³)
1279 2779 1409 2806 Nicolaus
1434 2780 1466 2806 de
1496 2779 1604 2806 Corona
1631 2782 1813 2807 1428—1458.

157 2823 179 2856 ⁴)
199 2822 331 2856 Quirinus
348 2822 371 2848 Ι.
391 2821 489 2856 Reqler
507 2826 681 2855 1492—1510,
700 2830 753 2856 qao
770 2830 846 2849 awno
864 2822 997 2849 abbatiam
1014 2822 1145 2856 deposuit.

1607 2874 1659 2900 18*
