2150 3178
331 190 392 222 158
478 186 634 216 NECROL.
647 186 829 215 FRATRUM
846 185 1027 215 MINORUM
1046 185 1340 215 OBSERVANTIUM
1358 185 1588 215 PROVINCIAE
1604 186 1841 216 AUSTRIACAE.

435 275 466 303 Ρ.
479 274 672 310 Sigismundus
685 274 720 302 de
733 273 930 306 Iaehrendorffi
948 282 976 309 p.
989 278 1016 301 ιθ
1029 273 1256 306 conversationis,
1273 272 1323 308 qui
1338 272 1430 301 socius
1447 274 1510 301 erat
1526 272 1557 301 in
1569 273 1684 302 Terram
1697 273 1830 302 Sanctam
1842 273 1992 303 admodum

327 319 385 346 revi
403 319 444 353 pi·
463 317 659 354 christophori
677 327 696 346 a
708 317 831 351 Varinio,
849 317 872 344 si
885 316 1048 352 Capistrani
1065 316 1249 350 communioris,
1271 318 1301 345 et
1319 315 1427 352 primus
1444 316 1639 346 Kaeselstorffi
1655 317 1692 345 ad
1709 316 1767 345 ΒΨ
1782 316 1992 354 Radegundem,

329 363 394 390 dum
413 361 617 393 aedificaretur,
635 361 814 396 gum-dianus,
833 361 877 388 ob.
891 369 917 388 a.
931 360 1007 388 1473.

431 405 476 432 Fr.
489 404 671 432 Theobaldus
688 404 724 432 de
743 403 898 432 Franconia
916 403 934 431 l.
950 404 995 431 ob.
1007 412 1032 432 a.
1046 404 1123 431 1477.

432 448 463 476 Ρ.
476 447 605 483 Ignatius
623 447 658 476 de'
676 447 864 483 Norimberga
881 455 938 475 sac.
951 456 978 475 a.
991 447 1068 475 1482.
2022 455 2035 475 s

433 491 476 518 Fr.
490 491 661 519 Fortunatus
679 491 714 519 de
732 490 848 518 Austria
866 490 884 517 l.
897 498 923 518 a.
936 490 1012 518 1482.

432 535 475 562 Fr.
489 534 626 570 Georgius
644 534 679 562 de
697 533 800 562 Silesia
818 533 837 561 l.
850 542 875 561 a.
890 533 967 561 1484.
1003 533 1033 560 P.
1046 533 1210 561 Theodorus
1228 533 1263 561 de
1283 532 1398 561 Austris.
1415 533 1555 562 confessor
1573 541 1599 561 a.
1612 533 1689 562 1484.

433 578 476 605 Fr.
490 578 689 605 Bonaventura
707 577 741 604 de
759 577 848 605 Graes
866 577 932 605 cler.
944 585 970 604 a.
983 577 1060 604 1485.
1097 577 1140 604 Fr.
1155 576 1272 604 Alexius
1291 576 1325 604 de
1344 576 1466 604 Bavaria
1483 577 1512 609 1.,
1529 576 1664 612 lapicida,
1682 585 1708 605 a.
1721 577 1796 606 1486.

433 622 477 649 Fr.
489 621 635 656 Remigius
658 621 692 648 de
711 620 846 648 Bohemia
865 620 884 648 l.
896 629 922 648 a.
935 620 1012 648 1491.
1049 620 1079 647 P.
1092 620 1231 648 Martinus
1253 619 1288 648 de
1306 619 1451 648 Seefelden
1474 628 1500 648 a.
1514 621 1590 648 1495.
1626 619 1671 648 Fr.
1683 620 1813 649 Urbanus
1835 620 1870 649 de
1882 620 1993 649 Vienna.

329 665 395 693 cler.
408 674 433 692 a.
447 665 523 692 1495.
559 665 589 692 P.
602 664 741 692 Martinus
764 664 799 692 de
816 663 930 691 Prussia
953 663 1094 692 confessor
1115 672 1140 692 a.
1155 664 1231 692 1495.
1267 663 1314 691 Fr.
1326 663 1458 691 Erasmus
1475 663 1511 691 de
1529 663 1625 699 Styria
1643 663 1708 693 cler.
1721 673 1784 693 nov.
1796 673 1822 692 a.
1834 664 1912 693 1495.
1947 663 1993 693 Fr.
2011 670 2038 692 ιο

328 708 494 736 Vincentius
518 708 552 736 de
569 707 810 736 Voelckenmarck
833 707 899 735 cler.
917 715 980 734 nov.
997 715 1022 734 a.
1041 707 1117 735 1495.
1159 707 1202 734 Fr.
1216 707 1340 735 Thomas
1362 706 1397 734 de
1420 706 1603 742 Egenburga,
1629 708 1649 735 1.
1667 716 1702 735 ex
1725 708 1877 742 quaestura
1899 707 1994 741 redux,

327 751 441 780 nivibus
459 752 576 779 obrutus
594 751 691 779 eodem
711 760 792 778 anno.
830 750 859 777 P.
874 750 1012 786 Georgius
1029 750 1064 778 de
1082 750 1209 778 Mellicia
1227 752 1392 786 procurator
1410 750 1487 778 1502.
1523 751 1554 779 P.
1566 751 1720 779 Damianus
1737 751 1772 779 de
1790 750 1901 779 Gmuud
1918 751 1996 779 1506.

327 795 372 823 Fr.
383 795 572 831 wolfgangus
591 795 625 823 de
642 794 840 822 Steinkirchen
858 794 949 830 pistor
967 794 1044 822 1507.
1084 794 1115 823 Ρ.
1129 794 1247 823 Ioannes
1265 794 1300 822 de
1318 794 1423 830 Oering
1441 803 1497 822 sac.
1511 793 1703 830 pientissimus
1722 794 1798 823 1508.
1834 794 1879 823 Fr.
1892 794 1995 822 Zacha-

329 839 385 867 rias
404 839 469 866 cler.
482 839 534 866 sub
553 838 682 866 incendio
701 838 788 873 periit
808 837 883 865 1509.
918 837 964 865 Fr.
977 837 1082 865 Paulus
1099 837 1134 865 de
1153 837 1243 866 Graez
1260 837 1325 866 cler.
1340 837 1415 866 1521.

434 929 510 962 Ἑν*
533 929 570 961 in
594 929 770 962 conventu
794 927 1111 973 Feldsbergens11)
1133 928 1272 962 mortui
1294 929 1333 962 et
1355 929 1507 971 sepulti=
2012 908 2039 963 is

433 1000 466 1026 A.
481 999 548 1026 1494
566 999 598 1025 fr.
613 997 692 1026 Felix
710 998 728 1025 1.
742 997 849 1033 primus
867 997 1017 1026 defunctus
1036 997 1066 1025 in
1085 997 1247 1034 Feldsperg.

432 1044 465 1070 A.
482 1043 549 1070 1495
568 1043 599 1069 fr.
613 1042 756 1069 Massaeus
775 1041 802 1073 1.,
819 1041 994 1070 hortulanus.
1029 1041 1072 1068 Fr.
1086 1041 1257 1070 Thaddaeus
1275 1041 1310 1070 de
1321 1041 1476 1078 Salzburga
1493 1041 1512 1069 1.
1549 1041 1580 1070 P.
1593 1041 1744 1070 Faustinus
1760 1041 1795 1070 de
1808 1041 1962 1071 Sierndorff
1976 1043 1996 1072 1.

433 1087 466 1113 A.
481 1086 547 1114 1502
566 1094 593 1120 p.
608 1085 725 1112 Iacobus
743 1085 778 1112 de
791 1084 902 1112 Vienna
919 1093 976 1112 sac.

433 1130 466 1157 A.
481 1130 549 1157 1504
567 1138 594 1163 p.
607 1128 702 1156 Simon
721 1128 829 1159 Petrus,
848 1127 883 1155 de
902 1127 1059 1156 senioribus
1077 1136 1133 1156 sac.
1149 1127 1274 1156 devotus.

434 1174 466 1200 A.
481 1173 548 1200 1507
567 1173 599 1199 fr.
612 1171 735 1199 Michael
755 1171 789 1198 de
807 1171 977 1207 Egenbnrga
996 1171 1014 1198 l.
2013 1175 2042 1197 ’o

433 1218 466 1244 A.
482 1216 548 1243 1508
566 1225 594 1250 p.
607 1215 702 1243 Simon
720 1215 755 1242 de
775 1214 841 1242 Linz
859 1223 915 1242 sac.

433 1260 465 1287 A.
480 1260 547 1287 1517
565 1259 598 1286 fr.
612 1258 747 1286 Nicolaus
766 1258 793 1289 1.,
812 1259 911 1285 sartor.

435 1304 466 1330 A.
481 1302 548 1329 1518
561 1311 588 1337 p.
600 1302 718 1337 Prosper
733 1301 767 1330 de
780 1301 885 1329 Missua
897 1300 1075 1329 centenarius
1088 1303 1118 1329 et
1130 1301 1215 1335 ultra,
1234 1300 1447 1329 honestissimus
1459 1309 1496 1336 p..
1515 1301 1565 1336 qui
1576 1310 1720 1337 nunquam
1733 1302 1848 1331 chorum
1860 1302 1996 1338 neglexit,

330 1347 417 1375 etiam
437 1346 466 1373 iu
484 1346 630 1373 senectute
648 1347 727 1372 extra
746 1344 846 1372 stallae
864 1344 924 1372 sine
942 1344 1147 1379 appodiatione
1166 1344 1356 1379 permanendo
1376 1345 1431 1372 etc.

434 1390 467 1417 A.
480 1389 578 1417 eodem
597 1397 624 1423 p.
637 1388 756 1416 Ioannes
773 1388 809 1416 de
827 1388 919 1416 Hallis
938 1397 994 1416 sac.
2013 1393 2039 1415 τι

434 1434 467 1460 A.
482 1433 547 1460 1521
568 1441 595 1466 p.
608 1432 795 1459 Bernardinus
814 1431 847 1459 de
867 1431 1024 1463 Kuelbach
1042 1439 1107 1465 sac„
1126 1431 1216 1459 bonus
1235 1431 1384 1459 confessor.
1418 1430 1464 1460 Fr.
1476 1431 1611 1467 Baptista
1629 1431 1663 1460 de
1680 1431 1798 1460 Lauffeu
1815 1432 1834 1460 l.

434 1478 467 1503 A.
482 1476 549 1503 1526
568 1484 595 1510 p.
609 1475 744 1503 Hem-icus
763 1475 797 1503 de
816 1475 970 1511 Hartberg,
995 1474 1037 1502 vir
1054 1476 1194 1507 maturus,
1218 1474 1326 1503 zelator
1343 1474 1408 1502 fidei
1426 1476 1456 1503 et
1474 1474 1632 1511 religionis,
1652 1475 1798 1503 multoties
1816 1477 1996 1512 guardianus,

330 1522 363 1548 ut
382 1520 435 1548 vic.
449 1519 504 1547 loci
524 1519 568 1546 ob.

435 1611 487 1644 De
511 1610 601 1643 viris
625 1609 791 1650 scIentIa,
814 1609 981 1643 doctrina
1004 1610 1068 1642 aut
1092 1609 1172 1642 arte
1195 1609 1414 1651 conspicuis,
1435 1609 1524 1643 item
1545 1609 1789 1652 scriptoribus
1805 1610 1997 1653 Iltteratis,

311 1664 395 1704 ·qui
418 1671 530 1704 opera
552 1662 648 1704 typis
671 1661 867 1702 vulgarunt
889 1662 976 1694 cte:
2015 1675 2042 1696 ,ο

437 1732 504 1759 Rev.
519 1740 545 1766 p.
559 1730 683 1758 Hilarius
695 1730 730 1757 de
744 1730 939 1766 Kirchschlag,
958 1730 1073 1765 reginae
1092 1730 1163 1758 coeli
1182 1729 1388 1762 devotissimus,
1407 1730 1586 1765 praedicator
1599 1731 1703 1764 valens,
1722 1731 1795 1759 alios
1806 1731 1857 1760 illo
1870 1733 1997 1768 tempore

332 1775 469 1803 facillime
492 1774 679 1810 praecellens,
706 1782 767 1800 cum
790 1782 900 1800 summa
923 1773 1047 1800 omnium
1066 1773 1149 1800 laude
1165 1773 1292 1801 Viennae
1310 1781 1418 1800 sacrum
1437 1773 1606 1808 scripturam
1624 1773 1827 1809 interpretatus
1845 1777 1900 1808 est,
1925 1784 1998 1804 unus

332 1828 365 1847 ex
384 1817 483 1853 primis
502 1817 664 1852 provinciae
683 1817 755 1852 p¹b¹¹⁵
771 1825 789 1843 a
805 1822 833 1844 s⁰
846 1816 1016 1852 Capistrano
1035 1819 1190 1852 susceptus,
1209 1815 1330 1851 quiescit
1347 1816 1426 1844 iuxta.
1445 1817 1523 1844 chori
1542 1817 1654 1852 antiqui
1671 1818 1814 1853 pulpitum
1828 1818 1998 1854 Puppingae

332 1864 458 1890 mortuus
476 1870 501 1888 a.
515 1861 590 1888 1483.

438 1906 505 1933 Rev.
520 1914 546 1939 p.
561 1904 750 1932 Bernardinus
771 1904 806 1931 de
825 1904 991 1938 Ingolstatt,
1015 1903 1092 1932 verbi
1115 1903 1161 1931 dei
1185 1903 1383 1932 celeberrimus
1406 1912 1520 1938 praeco,
1545 1903 1574 1931 in
1597 1903 1673 1931 omni
1695 1904 1878 1933 scientiarum
1895 1914 1998 1941 genere
2015 1909 2041 1930 ¹⁸

334 1952 468 1981 versatus,
488 1957 560 1976 unus
578 1957 611 1975 ex
630 1947 794 1982 provinciae
813 1946 958 1982 lapidibus
977 1947 1160 1983 angularibus
1179 1948 1209 1974 et
1227 1946 1345 1974 eximius
1363 1947 1501 1981 regularis
1514 1947 1710 1976 observantiae
1723 1948 1834 1981 zelotes,
1853 1949 1919 1976 dum
1931 1951 1999 1978 actu

332 1993 461 2020 Viennae
479 1991 516 2018 ad
534 1991 591 2018 Sum
610 1990 806 2018 Theobaldum
825 1990 973 2017 conciones
991 1989 1250 2025 quadragesimales
1268 1990 1426 2025 perficeret,
1452 1990 1489 2018 ad
1510 1990 1635 2018 omnium
1653 1991 1806 2020 lamentum
1825 1992 1870 2020 ob.
1882 2001 1908 2020 a.
1922 1992 1997 2021 1485.

437 2036 504 2062 Rev.
519 2044 546 2070 p.
560 2034 687 2062 Clemens
705 2035 740 2062 de
760 2034 928 2067 Dietmaria,
951 2033 1043 2061 nobili
1061 2042 1163 2069 genere
1181 2033 1328 2065 oriundus,
1350 2033 1585 2069 profundissimae
1603 2034 1740 2062 scientiae
1758 2043 1791 2063 ac
1809 2035 1998 2070 litteraturae,

333 2080 363 2106 in
386 2078 562 2113 explicandis
581 2077 705 2105 consiliis
723 2077 920 2110 dexterrimus,
939 2077 1066 2104 Viennae
1085 2079 1166 2104 extra
1183 2085 1276 2104 muros
1294 2077 1455 2111 frequenter
1473 2077 1657 2112 guardianus,
1683 2080 1808 2106 mortuus
1825 2080 1869 2106 est
1885 2079 1998 2108 Brunae

334 2123 361 2149 in
382 2122 510 2149 Moravia
528 2130 553 2148 a.
568 2122 643 2149 1487.
2017 2127 2043 2148 ω

439 2166 506 2193 Rev.
519 2174 546 2200 p.
560 2165 718 2192 Alexander
735 2165 769 2192 de
783 2164 910 2196 Posonio,
929 2164 1034 2191 artium
1052 2163 1212 2191 liberalium
1231 2165 1261 2190 et
1279 2163 1477 2198 philosophiae
1495 2172 1578 2199 mag„
1597 2163 1776 2199 praedicator
1794 2164 1997 2198 desiderabilis,

333 2218 452 2244 magnae
471 2209 607 2235 scientiae
625 2217 658 2235 ac
678 2208 800 2239 virtutis,
819 2208 850 2234 in
869 2206 1047 2235 heterodoxis
1065 2207 1101 2234 ad
1119 2206 1257 2242 gremium
1275 2207 1411 2234 ecclesiae
1423 2207 1588 2234 revocandis
1604 2207 1760 2235 indefessus
1772 2208 1883 2241 zelotes,
1901 2217 1997 2243 quare,

334 2254 366 2280 ut
385 2254 483 2280 contra
496 2251 646 2286 Georgium
660 2251 826 2283 Podiebrad,
846 2250 1051 2278 haereticorum
1064 2251 1202 2278 fautorem
1215 2251 1245 2278 et
1259 2250 1339 2285 regni
1351 2250 1504 2278 Bohemiae
1516 2253 1719 2286 usurpatorem,
1737 2251 1811 2279 sicut
1826 2252 1856 2279 et
1867 2251 1998 2279 Hussitas

334 2295 441 2322 bullam
460 2294 635 2330 pontificiam
654 2303 704 2329 per
718 2295 874 2322 universam
889 2294 1118 2322 archidioecesim
1132 2293 1374 2329 Salisburgensem
1387 2294 1571 2328 praedicaret,
1590 2295 1627 2322 ab
1641 2299 1691 2329 epo
1703 2294 1881 2327 Ferrariensi,
1901 2295 1998 2331 legato

339 2338 505 2373 apostolico,
525 2347 587 2365 cum
606 2338 746 2365 uberrimo
764 2339 858 2365 fructu
876 2339 1036 2372 assumptus
1054 2337 1110 2365 fuit
1127 2346 1152 2364 a.
1167 2337 1242 2370 1468,
1262 2338 1306 2364 ob.
1318 2337 1424 2365 Labaci
1443 2337 1472 2364 in
1490 2337 1621 2365 Camiola
1641 2337 1715 2365 1496.
2015 2343 2041 2364 ⁴6

440 2382 507 2409 Rev.
521 2391 548 2416 p.
564 2381 668 2408 Paulus
691 2381 726 2408 de
741 2381 872 2414 Weiden,
898 2381 1099 2408 famosissimus
1122 2381 1201 2409 verbi
1224 2381 1270 2408 dei
1292 2381 1483 2416 praedicator,
1508 2381 1585 2416 apud
1608 2389 1691 2415 quem
1713 2389 1825 2416 prorsus
1846 2381 1926 2408 nulla
1943 2381 1998 2409 fuit

335 2433 514 2460 personarum
539 2425 679 2459 acceptio,
711 2425 740 2451 in
764 2425 820 2451 suis
844 2424 1016 2452 sermonibus
1038 2425 1155 2459 loquens
1176 2424 1300 2459 magnis,
1332 2424 1458 2459 parvulis
1479 2423 1609 2452 veritatis
1633 2424 1734 2452 iaculis
1756 2432 1844 2458 aeque
1869 2424 1998 2456 feriebat,

335 2468 464 2495 omnibus
483 2468 513 2495 in
532 2477 639 2495 summo
658 2468 762 2495 honore
782 2467 844 2495 fuit.
882 2467 1001 2494 Moritur
1018 2467 1157 2494 Schwazii
1175 2467 1205 2494 in
1224 2467 1322 2502 Tyroli
1340 2476 1365 2495 a.
1379 2468 1456 2495 1511.

439 2511 507 2538 Rev.
521 2521 548 2546 p.
562 2510 780 2546 christophorus
799 2511 833 2538 de
852 2511 1002 2538 Monachio
1014 2511 1142 2539 Viennae
1161 2519 1224 2538 cum
1243 2510 1366 2538 omnium
1384 2511 1524 2546 applausu
1543 2510 1640 2538 docuit
1657 2510 1687 2537 in
1705 2510 1896 2543 universitate,
1918 2519 1997 2546 prae-

335 2554 445 2582 dicator
463 2554 541 2582 verbi
560 2554 604 2582 dei
622 2554 845 2586 facundissimum
870 2554 1007 2586 omnibus.
1033 2556 1092 2582 tam
1111 2555 1186 2582 clero
1205 2563 1290 2589 quam
1308 2554 1417 2588 reliquo
1436 2553 1541 2589 populo
1559 2555 1664 2589 gratus,
1689 2561 1745 2588 qua
1762 2553 1924 2588 provinciae
1943 2553 1996 2582 vic.
2015 2559 2042 2579 50

335 2598 453 2625 moritur
472 2597 580 2625 Perusii
599 2606 632 2625 ex
651 2597 777 2632 capitulo
795 2597 920 2633 generali
940 2598 970 2624 in
988 2597 1132 2625 Austriam
1150 2598 1237 2626 redux
1255 2607 1280 2625 a.
1295 2598 1370 2626 1519.

440 2641 507 2668 Rev.
522 2650 549 2675 p.
563 2641 743 2668 Theobaldus
761 2641 795 2668 de
809 2641 936 2676 Geisling
954 2642 990 2669 ob
1007 2641 1167 2677 energicum
1182 2650 1196 2668 e
1211 2641 1346 2669 cathedra
1359 2640 1472 2668 dicendi
1484 2640 1596 2667 modum
1608 2638 1807 2666 famosissimus
1819 2638 1999 2673 praedicator

336 2684 535 2720 communique
553 2683 645 2718 plebis
664 2692 731 2711 voce
747 2684 878 2711 Austriae
897 2685 1042 2718 apostolus
1060 2686 1247 2719 nuncupatus.
1283 2685 1346 2712 Duo
1364 2683 1456 2711 millia
1474 2691 1631 2711 sermonum
1649 2681 1738 2708 solum
1751 2681 1878 2709 Viennae
1897 2682 1999 2710 habuit

444 2788 464 2820 1)
486 2786 644 2813 claustrum
664 2787 871 2822 Feldsberyense
888 2787 919 2813 in
931 2788 1045 2814 Ausa-w
1058 2788 1193 2823 Inferwre
1211 2788 1266 2815 iam
1283 2790 1349 2815 ante
1367 2791 1469 2815 α.1454
1485 2786 1594 2814 asstitit.
1633 2786 1698 2813 Non
1715 2786 1798 2813 multo
1812 2788 1876 2820 post
1893 2789 1999 2813 α.1487

336 2832 436 2864 fratres
454 2830 577 2856 Minores
595 2830 762 2857 observantes
779 2830 833 2856 huc
850 2830 1000 2857 introducti
1017 2834 1088 2858 sunt.
2015 2834 2041 2854 ⁵⁵
