2150 3178
685 787 1314 850 NECROLOGIUM

178 882 604 941 FRATRUM
647 882 1088 942 MINORUM
1134 883 1819 944 OBSERVANTIUM

415 976 958 1036 PROVINCIAE
1004 977 1578 1038 AUSTRIACAE.

273 1123 347 1168 Ex
378 1135 549 1177 necrologio
582 1137 723 1175 fratrum
752 1135 920 1167 Minorum
949 1146 975 1167 s.
998 1136 1170 1168 Francisei
1200 1137 1341 1177 requiam
1367 1139 1585 1177 professorum
1614 1138 1828 1170 observantiae

168 1187 349 1226 strictioris,
383 1198 479 1228 quam
505 1199 530 1220 ε.
551 1187 712 1220 Iohannes
743 1187 956 1227 Capistranus
985 1188 1022 1219 in
1046 1189 1246 1228 provinciam
1273 1190 1482 1221 Austriacam
1509 1190 1703 1229 introduocit,
1737 1193 1830 1222 notas

170 1241 296 1271 tantum
311 1238 483 1271 nonnullas
498 1239 707 1279 necroloqicas
721 1238 890 1271 annalium
910 1239 999 1272 modo
1015 1239 1190 1280 descriptas
1211 1241 1261 1272 vir
1276 1241 1474 1273 clarissimus
1496 1252 1535 1274 ac
1549 1243 1699 1275 memoria
1714 1243 1830 1284 diqnus

168 1290 208 1322 P.
225 1289 380 1322 Placidus
403 1290 526 1331 Hereoq
548 1290 812 1332 (Cosmoqraphia
834 1291 1247 1324 Austriaco-Franciscarm
1268 1303 1324 1324 seu
1346 1296 1458 1325 ezacta
1474 1295 1660 1334 provinciae
1674 1295 1830 1326 Austriae

169 1342 292 1374 ordinis
314 1342 480 1375 Minorum
507 1353 532 1374 s.
549 1343 719 1375 Francisei
745 1343 915 1375 strictioris
943 1344 1173 1385 observantiae)
1201 1345 1368 1377 memoriae
1395 1346 1545 1385 tradidit,
1574 1347 1631 1386 qui
1658 1347 1745 1387 operi
1771 1357 1829 1379 suo

169 1395 255 1426 omni
281 1394 375 1427 wude
401 1395 494 1435 diqno
520 1395 684 1435 sequentia
711 1395 847 1427 inseruit
870 1396 993 1435 capita:
1022 1395 1168 1427 elenchus
1189 1397 1389 1437 superiorum
1406 1398 1591 1437 provinciae
1614 1399 1768 1430 Austriae
1790 1399 1829 1430 ab

169 1455 256 1478 anno
279 1446 364 1478 1452
388 1446 506 1488 (eodem
528 1446 591 1479 loeo
612 1457 643 1488 p.
660 1447 702 1478 85
714 1448 804 1488 sqq),
834 1447 870 1478 de
892 1447 1047 1488 reliqiosis
1068 1448 1195 1487 virtute,
1213 1449 1333 1488 pietate
1355 1451 1385 1480 et
1406 1449 1590 1480 sanctitatis
1612 1450 1758 1489 opinione
1781 1451 1829 1482 in-

169 1498 310 1538 siqnibus
332 1503 377 1539 (p.
394 1499 437 1530 97
447 1499 537 1540 sqq),
567 1498 697 1530 nomina
720 1498 942 1540 defunctorum
964 1500 1166 1539 quorundam
1188 1501 1329 1539 fratrum
1350 1499 1397 1532 vel
1418 1511 1456 1532 eac
1475 1503 1559 1540 qesto
1582 1500 1617 1532 in
1639 1501 1762 1534 saeculo
1784 1502 1832 1534 vel

168 1549 351 1589 sepulturae
373 1550 438 1582 loco
460 1551 505 1591 (p.
522 1551 586 1581 118
596 1551 694 1591 sqq),
724 1550 762 1582 de
783 1550 862 1582 viris
884 1550 1030 1589 scientia,
1060 1551 1206 1583 doctrina
1229 1555 1287 1584 aut
1309 1555 1378 1584 arte
1400 1553 1579 1592 conspicuis
1602 1553 1646 1594 (p.
1664 1553 1727 1584 131
1739 1564 1802 1594 sqq.
1800 1554 1829 1596 )‚

169 1601 402 1634 concionatores
427 1601 591 1642 apostolici
613 1602 754 1634 caesarei
775 1606 820 1642 (p.
837 1602 899 1633 144
911 1603 1004 1644 sqq),
1034 1603 1226 1645 confessores
1252 1615 1360 1644 requm
1387 1605 1432 1645 (p.
1450 1605 1513 1635 145
1524 1605 1617 1644 sqq.),
1648 1605 1767 1643 fratres
1794 1606 1830 1638 in

170 1653 205 1686 S.
225 1653 402 1685 Theobaldo
428 1653 544 1693 sepulti
569 1657 614 1694 Ψ.
631 1654 696 1685 182
705 1654 801 1696 sqq),
828 1654 949 1695 fratres
974 1655 1010 1686 in
1033 1654 1064 1686 S.
1083 1654 1226 1695 Ruperto
1248 1656 1365 1695 sepulti
1387 1656 1432 1697 (p.
1450 1656 1514 1687 185
1524 1658 1619 1698 sqq),
1645 1656 1769 1698 fratres
1790 1667 1829 1689 ex

170 1705 203 1738 S.
220 1705 361 1746 Ruperto
383 1705 428 1737 ad
450 1705 482 1738 S.
498 1706 666 1738 Nicolaum
690 1706 833 1744 transiti,
862 1705 978 1746 sepulti
1000 1717 1033 1738 eo
1061 1706 1124 1739 loco
1154 1707 1199 1749 (p.
1216 1708 1281 1739 187
1290 1709 1382 1749 sqq),
1411 1708 1530 1747 fratres
1551 1709 1588 1740 in
1610 1711 1764 1740 conventu
1785 1709 1830 1740 ad

170 1758 203 1790 S.
228 1758 418 1790 Trinitatem
446 1758 605 1799 Lenqbaci
631 1758 746 1799 sepulti
777 1759 821 1799 (p.
843 1759 906 1790 489
921 1759 1014 1800 sqq.),
1048 1760 1167 1798 fratres
1200 1760 1236 1791 in
1265 1762 1416 1792 conventu
1446 1759 1684 1801 Feldsberqensi
1711 1761 1829 1802 sepulti

168 1810 213 1851 Q).
231 1812 294 1842 610
305 1821 368 1851 sqq.
367 1812 395 1852 ).

275 1863 338 1903 Qui
360 1864 472 1894 auctor
493 1872 564 1894 cum
586 1861 720 1902 cataloqi
742 1862 911 1894 cuiusdam
932 1863 1113 1895 vetustioris
1135 1863 1356 1902 defunctorum
1379 1864 1517 1896 eiusdem
1538 1865 1719 1905 provinciae
1742 1875 1826 1897 men-

167 1914 282 1946 tionem
315 1914 408 1952 facit,
441 1924 532 1954 quem
565 1924 644 1945 saec.
669 1914 719 1945 18.
744 1914 849 1946 adhuc
882 1925 914 1946 se
944 1915 1059 1946 vidisse
1090 1917 1119 1946 et
1149 1926 1188 1947 ex·
1216 1925 1278 1955 quo
1307 1918 1399 1947 notas
1428 1916 1579 1947 memoria
1607 1917 1823 1948 tantummodo

167 1966 325 2006 digniores
346 1976 378 1997 se
392 1965 617 2006 deprompsisse
639 1968 796 1997 asseverat
819 1966 875 2007 (cf.
891 1966 994 1998 eodem
1017 1966 1080 1999 loco
1099 1977 1132 2007 p.
1149 1967 1236 2008 182),
1260 1967 1346 1999 hunc
1368 1967 1555 2008 catalogum,
1578 1978 1667 2007 quem
1688 1969 1826 2008 reperire

163 2027 297 2057 prorsus
319 2018 525 2057 nequivimus
549 2020 607 2049 aut
622 2018 808 2058 neutiquam
829 2028 988 2058 superesse
1010 2021 1068 2050 aut
1089 2019 1216 2051 omnino
1231 2018 1327 2051 latere
1342 2029 1510 2051 censemus
1558 2020 1663 2060 Quare
1684 2020 1826 2052 auctoris

166 2069 255 2101 illius
283 2072 375 2101 notas
401 2071 604 2107 memoratas,
634 2079 706 2101 cum
731 2070 846 2110 quibus
871 2070 1006 2102 armales
1031 2070 1216 2111 necroloqici
1245 2071 1281 2102 in
1311 2073 1463 2102 conventu
1485 2071 1632 2112 fratrum
1658 2071 1826 2103 Minorum

165 2120 306 2161 requlam
327 2132 352 2152 s.
366 2121 538 2153 Francisci
555 2120 774 2163 professorum
796 2122 1011 2154 observantiae
1033 2122 1204 2154 strictioris
1222 2121 1453 2155 Vindobonensi
1472 2122 1522 2154 his
1537 2125 1696 2155 exstantes
1711 2126 1825 2163 tempo-

165 2173 254 2205 ribus
282 2184 359 2205 sanc
388 2184 484 2214 quam
513 2173 705 2213 discrepant,
738 2173 783 2205 ad
808 2174 962 2206 Austriae
992 2174 1131 2206 eiusdem
1163 2174 1287 2206 ordinis
1312 2174 1458 2207 coenobia
1484 2177 1658 2214 spectantes
1683 2175 1826 2207 maxima

165 2226 393 2265 transscriptas
415 2235 495 2256 cura
517 2224 631 2256 litteris
652 2225 786 2256 minutis
808 2225 858 2257 hic
880 2226 996 2257 iterum
1022 2225 1206 2257 curavimus
1227 2226 1436 2258 excudendas.
1486 2225 1537 2268 ΟΥ.
1555 2225 1671 2258 ‘Neues
1693 2226 1826 2258 Archiv'

168 2276 315 2315 XXXV,
332 2278 404 2308 730.

269 2422 419 2455 Nomina
440 2422 694 2456 defunctorum
717 2422 941 2462 quorundam
968 2422 1044 2455 frum
1071 2423 1127 2456 vol
1158 2431 1204 2455 ex
1228 2424 1331 2464 gesto
1361 2424 1400 2456 in
1424 2425 1569 2457 saeculo
1594 2433 1742 2457 munero
1767 2425 1823 2457 vel

165 2474 374 2515 sepulturae
404 2474 485 2508 loco
515 2474 640 2516 (etiam
671 2474 778 2507 extra
806 2475 1048 2518 provinciam)
1077 2475 1133 2508 vol
1163 2474 1306 2507 aliunde
1336 2475 1511 2508 memoria
1540 2475 1746 2516 digniorum
1777 2484 1822 2508 ex

165 2525 372 2566 provinciae
394 2525 615 2566 necrologiis
638 2526 867 2566 potissimum
891 2526 1161 2560 adnotatornm:

269 2593 336 2621 Rev.
349 2603 377 2629 p.
387 2594 509 2622 Michael
522 2594 631 2622 Siculus
648 2603 666 2621 a
683 2604 704 2622 ε.
717 2595 884 2629 Capistrano
901 2596 938 2623 ad
950 2595 977 2623 S.
988 2596 1182 2623 Theobaldum
1202 2596 1307 2630 primus
1324 2596 1453 2623 novi⁰¹¹³¹¹¹¹
1474 2605 1546 2632 mag.
1560 2597 1738 2630 constitutus,
1757 2598 1822 2624 dein

135 2647 146 2665 5
164 2636 348 2672 guardianus,
373 2638 472 2672 postea.
495 2637 608 2672 saepius
631 2638 793 2672 provinciae
812 2638 974 2674 Hungariae
996 2639 1061 2672 vic.¹
1087 2638 1192 2666 ibidem
1216 2638 1446 2674 religiosissimae
1468 2648 1535 2667 suae
1559 2639 1634 2667 vitae
1659 2640 1733 2667 diem
1757 2640 1822 2668 ulti-

164 2689 240 2706 mum
258 2679 368 2707 clausit.

268 2722 334 2750 Rev.
348 2723 381 2750 fr.
393 2723 587 2760 Archangelus
605 2733 622 2751 a
636 2724 766 2758 Gorlizio,
785 2734 871 2759 purus
889 2734 922 2753 ac
941 2726 1058 2754 devotus
1077 2720 1150 2759 clerss,
1169 2736 1194 2754 a.
1209 2728 1274 2754 1451
1290 2736 1308 2754 a.
1320 2737 1341 2755 s.
1355 2727 1522 2762 Capistrano
1534 2726 1635 2754 tertius
1648 2727 1684 2754 ad
1697 2727 1822 2754 ordinem

165 2767 317 2800 susceptus,
336 2766 454 2793 moritur
473 2769 502 2795 et
519 2767 656 2802 sepelitut
674 2767 948 2804 claustroneoburgi.

268 2809 358 2837 Venu·
372 2819 399 2844 p.
413 2810 599 2839 Bernardinus
618 2811 651 2838 de
670 2811 770 2846 Praga,
789 2811 856 2839 olim
874 2812 935 2847 pbr.
948 2813 1108 2846 saecularis,
1127 2813 1156 2840 in
1175 2814 1312 2848 religione
1331 2813 1552 2840 ferventissimus
1570 2812 1756 2848 praedicator,
1776 2813 1820 2839 ob.

124 2860 149 2880 10
166 2851 195 2879 in
215 2852 366 2888 Hungaria.
