2150 3178
418 784 1046 845 NEGROLOGIUM
1087 785 1776 846 MARIAECELLEN
1783 785 1900 845 SE.

437 927 653 974 thasterii
667 938 770 972 Cellae
782 939 914 972 Mariae
925 939 1031 981 (cubo
1042 939 1335 972 Klein-Marianell
1348 940 1546 981 nuncupati)
1558 950 1580 972 a
1593 936 1748 980 Leopobio
1758 938 1830 972 111.
1843 937 1999 971 Austriae

331 992 527 1031 mrchione,
554 992 612 1032 qui
633 994 766 1024 sanctus
787 991 1039 1033 coqnominatum
1066 991 1187 1024 illustri
1208 1002 1248 1025 m:
1269 992 1577 1034 Babenberqensium
1598 991 1698 1034 stirpe
1719 993 1836 1030 exorto,
1864 989 1999 1030 fundati

332 1047 427 1084 atque
457 1054 479 1076 a
507 1043 666 1076 nobilibus
693 1043 852 1083 fratribus
880 1043 1034 1077 Heinrico
1061 1047 1091 1076 et
1117 1043 1283 1085 Rapotone
1309 1055 1331 1077 a
1352 1044 1641 1086 Schwareenbury-
1628 1043 1805 1084 -Nestach‚
1837 1041 2000 1076 monachis

331 1107 358 1130 s.
374 1095 543 1128 Benedicti
568 1095 710 1137 requlam
727 1096 883 1136 professis
910 1107 926 1128 e
951 1097 1143 1129 monasterio
1164 1095 1335 1130 Altabensi
1357 1097 1516 1136 Inferiore
1536 1096 1656 1129 vocatis
1676 1098 1772 1137 atque
1795 1093 1998 1134 introductis,

332 1159 363 1181 α.
380 1150 466 1180 1136
481 1148 591 1187 dotati,
614 1158 646 1181 a.
662 1158 733 1180 vero
751 1148 838 1180 1782
851 1147 980 1186 sublati,
1003 1148 1214 1190 necrologium
1235 1149 1273 1181 in
1293 1149 1397 1181 codice
1419 1149 1553 1182 minoris
1563 1147 1690 1191 formae
1704 1147 1939 1180 membranaceo
1961 1145 1999 1179 in

331 1200 518 1233 monasterii
540 1200 735 1232 Mellicensis
757 1199 940 1232 bibliotheca
962 1200 1134 1240 recondito,
1163 1201 1287 1242 siqnato
1309 1200 1386 1240 921,
1418 1200 1499 1240 132,
1527 1200 1634 1233 adhuc
1655 1202 1773 1239 exstat,
1801 1199 1871 1240 qui,
1901 1201 1939 1231 ut
1960 1197 2000 1230 de

331 1252 553 1294 martyroloqio
575 1251 746 1293 reyulaque
766 1262 792 1284 s.
809 1251 979 1285 Benedicti
1002 1253 1038 1285 in
1060 1263 1095 1285 eo
1109 1252 1339 1294 comprehensis
1353 1252 1473 1291 sileam,
1495 1252 1584 1292 foliis
1598 1251 1772 1284 113—138
1787 1250 1999 1292 necrokqium

330 1315 411 1337 saec.
433 1304 484 1336 14.
512 1304 612 1336 medio
643 1304 740 1336 scribi
773 1306 914 1344 coeptum
949 1314 988 1336 ac
1017 1305 1155 1337 saeculis
1185 1305 1400 1338 delabentibus
1432 1315 1532 1346 usque
1565 1304 1610 1337 ad
1640 1314 1720 1337 saec.
1745 1305 1797 1337 16.
1826 1303 1998 1336 deductum

333 1357 479 1395 continet,
501 1356 587 1397 quod
608 1357 674 1388 iam
697 1356 853 1396 copiosius
875 1356 1015 1389 disserui
1035 1356 1154 1390 ‘Neues
1175 1357 1308 1390 Archiv'
1329 1356 1477 1397 XXXV,
1496 1367 1532 1399 p.
1549 1356 1613 1389 758
1627 1366 1692 1398 sqq.

440 1408 519 1441 Cum
542 1409 684 1441 auctoris
706 1418 822 1440 manus
843 1411 936 1441 notas
957 1419 1023 1441 non
1038 1419 1166 1450 paucas
1188 1409 1388 1452 inscripserit
1404 1409 1540 1450 priores,
1566 1418 1638 1441 eum
1658 1407 1840 1449 antiquiore
1862 1416 1902 1440 ex
1922 1415 1997 1448 quo-

333 1461 408 1493 dam
429 1460 615 1502 uecroloyio,
642 1471 729 1493 nunc
755 1461 871 1493 amisso
899 1463 959 1493 aut
985 1461 1112 1501 latente,
1143 1461 1229 1503 quod
1253 1461 1513 1503 antiquissimum
1541 1460 1652 1494 haberi
1679 1462 1810 1501 oportet,
1845 1458 1919 1492 illas
1947 1457 1999 1491 de-

328 1513 522 1554 prompsisse
543 1513 654 1545 merito
676 1516 705 1545 et
727 1513 843 1553 optimo
865 1513 935 1545 iure
957 1513 1136 1554 opinamur.
1178 1514 1270 1555 Quod
1282 1513 1492 1556 necroloyium
1506 1514 1557 1546 vir
1571 1513 1723 1546 memoria
1737 1512 1854 1553 diynus
1869 1509 1908 1543 P.
1921 1509 2000 1543 Vin-

333 1565 456 1597 centius
487 1565 623 1607 Staufer
651 1565 884 1597 commentariis
914 1565 1105 1606 quibusdam
1136 1568 1321 1607 aryumento
1352 1566 1461 1599 critico
1487 1565 1595 1607 plenis
1625 1564 1759 1598 adiectis
1784 1563 1930 1605 primum
1962 1562 1999 1594 in

327 1617 494 1660 publicum
515 1617 616 1650 edidit
638 1616 737 1658 (Das
760 1617 958 1650 Todtenbuch
985 1618 1040 1650 des
1062 1618 1397 1658 Benediktinerstis'tes
1418 1615 1720 1651 Klein-Mariazell
1745 1616 1782 1648 in
1807 1613 2000 1648 Oesterreicb

333 1673 428 1702 anter
449 1670 505 1702 der
527 1669 632 1701 Enns’
654 1670 690 1701 in
713 1669 861 1702 ‘Studien
883 1670 953 1702 und
974 1670 1201 1711 Mitteilunqen
1222 1681 1285 1703 aus
1306 1671 1376 1703 dem
1397 1669 1646 1703 Benediktiner-
1668 1668 1738 1701 und
1762 1666 1999 1700 Oistercieviser-

333 1722 441 1754 orden'
463 1722 490 1760 I,
509 1732 591 1763 pars
608 1722 636 1760 1,
655 1733 689 1763 p.
708 1722 772 1753 106
785 1733 861 1763 sqq„
879 1733 961 1762 pars
975 1723 1006 1760 2,
1026 1733 1059 1762 p.
1074 1723 1117 1754 49
1131 1733 1207 1763 sqq„
1226 1733 1308 1764 pars
1321 1724 1352 1761 3,
1369 1733 1404 1763 p.
1422 1723 1464 1754 94
1478 1733 1543 1763 sqq.
1559 1724 1589 1754 et
1610 1721 1660 1760 II,
1677 1731 1714 1761 p.
1729 1721 1773 1753 28
1787 1720 1878 1761 sqq).

444 1773 486 1807 Ut
512 1774 653 1806 auctoris
679 1774 934 1815 diversorumque
955 1775 1168 1815 posteriorum
1194 1774 1401 1808 librariorum
1428 1784 1545 1807 manus
1573 1773 1812 1814 mmmmm,
1840 1773 1935 1804 notas
1959 1770 2000 1803 ab

333 1829 462 1859 auctore
485 1826 661 1868 descriptas
682 1826 798 1859 litteris
812 1826 987 1859 maioribus
1002 1826 1102 1859 latius
1116 1827 1288 1869 dispositis,
1311 1826 1453 1868 reliquas
1466 1837 1546 1859 saec.
1563 1828 1615 1858 14.
1631 1827 1724 1857 notas
1738 1823 1854 1856 litteris
1868 1822 1999 1855 maiori·-

333 1879 392 1911 bus
418 1878 517 1911 latius
543 1878 706 1918 dispositis
732 1879 825 1910 uncis
846 1878 993 1917 inclusis,
1023 1881 1116 1911 notas
1137 1889 1159 1911 a
1181 1878 1326 1911 librariis
1346 1889 1426 1911 saec.
1444 1879 1494 1910 15.
1514 1878 1657 1910 adiectas
1679 1875 1795 1908 bitteris
1815 1873 2001 1913 maioribus,

333 1942 372 1964 ex
397 1931 463 1963 illis
488 1941 559 1963 vero
584 1941 665 1963 saec.
683 1931 733 1963 16.
755 1931 906 1971 ascriptis
931 1930 1060 1963 selectas
1087 1931 1302 1964 tantummodo
1327 1931 1484 1972 quasdam
1512 1930 1627 1963 litteris
1656 1927 1856 1961 excudendas
1889 1925 2000 1959 curavi

333 1983 476 2015 minutis.

438 2035 499 2068 Ius
525 2035 645 2077 fasque
676 2038 734 2074 est,
766 2037 802 2067 ut
833 2035 940 2068 beatae
969 2036 1136 2068 memoriae
1163 2035 1350 2068 Alexandro
1376 2034 1476 2074 Karl,
1508 2034 1646 2067 coenobii
1671 2031 1867 2065 Mellicensis
1894 2029 2002 2064 abbati

334 2087 512 2126 venerabili,
535 2098 574 2119 ac
597 2087 717 2119 doctori
732 2086 770 2119 P.
787 2086 930 2130 Rudolfo
953 2087 1174 2129 Schachinqm
1197 2088 1336 2120 eiusdem
1361 2087 1561 2120 bibliothecae
1583 2085 1707 2119 custodi
1728 2084 1842 2125 optime
1863 2082 2000 2121 emerito,

333 2140 391 2180 qui
418 2139 471 2171 illo
497 2139 601 2172 codice
623 2139 747 2171 Mellici
773 2139 885 2172 utendi
910 2150 1042 2180 eumque
1058 2140 1282 2180 pertractandi
1303 2139 1463 2172 licentiam
1486 2139 1738 2178 occasionemque
1762 2135 1869 2168 animo
1892 2134 2002 2167 libenti

330 2191 530 2233 proclivoque
553 2191 633 2224 mihi
650 2192 875 2231 permiserunt,
898 2191 1033 2224 multum
1057 2203 1103 2224 me
1125 2192 1232 2225 debere
1249 2192 1414 2234 profitear.

1029 2377 1268 2415 IANUARIU
1270 2378 1307 2415 S.

352 2455 375 2482 l.
509 2456 567 2482 kal.
598 2450 666 2483 Ob.
687 2451 961 2494 Marquardus
991 2452 1074 2495 pbr.
1098 2464 1129 2485 n.
1153 2464 1180 2485 c.
1234 2452 1459 2485 Heinricus
1486 2462 1539 2483 cv.
1559 2461 1590 2483 n.
1611 2460 1638 2482 c.
1688 2449 1742 2482 Fr.
1757 2448 1900 2480 Thomas
1928 2447 1999 2490 pbr.

648 2504 731 2545 prof.
755 2504 788 2535 in
810 2504 841 2535 N
843 2504 990 2547 euburga
1014 2504 1197 2537 Claustrali.

351 2563 376 2590 2.
449 2562 496 2590 IV.
509 2571 572 2589 non.
598 2558 666 2592 Ob.
683 2559 942 2592 Hermannus
965 2561 1051 2593 abb.
1098 2561 1166 2593 Ob.
1182 2560 1398 2593 Dietricus
1416 2559 1602 2592 Hewsler
1624 2558 1645 2590 l.
1690 2557 1852 2589 Iohannes
1875 2555 1950 2588 abb.
1967 2556 2000 2587 in

648 2611 831 2654 Farinpach
844 2613 880 2655 ¹),
911 2613 948 2644 fr.
965 2625 994 2645 n.
1042 2613 1104 2645 Ob.
1121 2613 1278 2645 Martinus
1301 2612 1370 2654 pbr.
1394 2612 1435 2644 de
1458 2611 1639 2653 Tyrnstain.
1684 2609 1737 2641 Fr.
1754 2608 1893 2641 Georius
1915 2607 1998 2639 diae.

650 2663 690 2695 de
707 2664 867 2696 Tirnstain
893 2668 926 2696 et
948 2665 986 2696 fr.
1002 2665 1166 2697 Iohannes
1188 2665 1257 2707 pbr.
1275 2663 1357 2706 prof.
1373 2662 1469 2696 111011ἱί
1483 2674 1507 2695 ε.
1523 2661 1691 2694 Dorothee
1712 2664 1746 2693 et
1761 2660 1798 2693 fr.
1814 2659 2001 2692 Fridericus

649 2715 718 2757 pbr.
737 2718 770 2747 et
792 2727 834 2747 m.
851 2716 892 2748 de
916 2717 1111 2759 Tegernsee.

444 2835 464 2868 ¹)
483 2834 683 2870 Poppenberyer
700 2835 798 2869 dictus,
816 2836 910 2863 electus
927 2845 954 2864 a.
967 2840 1031 2864 1418
1039 2837 1060 2870 ἒ,
1078 2836 1116 2863 ob.
1128 2845 1154 2863 a.
1170 2840 1242 2864 1435.
