2150 3178
326 179 495 207 ANNALES
513 178 666 206 NECROL.
678 178 859 205 FRATRUM
876 177 1053 205 MINORUM
1071 178 1120 204 AD
1140 167 1165 206 S.
1178 178 1431 205 HIERONYMUM
1445 178 1648 207 VINDOBON.
1753 181 1816 212 277

163 266 339 302 potissimum
362 265 391 292 in
414 264 653 299 multiplicatione
676 265 799 291 locorum
825 265 854 291 et
879 263 943 290 fr!¹¹¹³
966 263 1110 298 provincie
1128 264 1222 296 huius,
1249 273 1321 298 quae
1340 267 1407 292 tunc
1425 273 1479 292 non
1498 266 1608 292 tantum
1626 265 1770 292 Austriam
1788 266 1817 292 et

162 309 326 337 Bohemiam
348 310 433 342 atque
452 308 597 335 Poloniam
620 306 856 341 comprehendens
879 306 1050 333 auctoritate
1073 307 1231 341 apostolica
1252 306 1282 333 in
1304 316 1388 334 unam
1412 308 1586 342 provinciam
1607 309 1723 336 redacta
1747 309 1817 335 erat.

161 353 296 380 Successu
318 360 384 379 vero
407 353 565 385 temporum
589 352 730 378 crescente
754 358 869 376 numero
891 349 1015 376 locorum
1039 351 1068 376 et
1085 350 1149 376 frum
1167 352 1284 384 propter
1301 350 1415 377 nimiam
1433 351 1614 379 latitudinem
1632 351 1662 378 in
1681 353 1737 378 tres
1756 359 1817 385 pro-

164 394 270 422 vincias
289 395 332 422 est
349 394 449 421 divisa.
485 394 617 429 Preterea
635 393 708 420 alter
727 401 760 420 ex
777 392 822 419 his
839 392 947 419 duobus
959 391 1162 426 prenominatis
1174 393 1254 427 pibus,
1275 393 1407 421 videlicet
1420 394 1452 420 fr.
1463 394 1585 426 Gabriel,
1604 396 1696 428 preter
1708 394 1818 421 labores

164 438 310 470 maximos,
336 446 406 471 quos
426 437 455 463 in
476 436 605 471 regendis
627 436 706 462 fribus
728 437 758 463 et
780 435 926 470 provincia
948 443 999 470 per
1022 435 1117 469 plures
1139 443 1226 462 annos
1249 435 1343 463 animo
1365 436 1503 464 indefesso
1525 437 1659 464 sustinuit
1682 445 1732 471 pro
1751 445 1817 464 suae

163 480 278 508 virtutis
295 480 435 507 industria
454 479 610 515 ceterisque
628 479 783 514 gratiarum
801 478 887 510 donis,
906 478 1008 512 quibus
1026 478 1206 513 singulariter
1218 487 1235 505 a
1248 478 1279 505 d⁰
1292 479 1390 506 extitit
1403 479 1557 512 decoratus,
1576 480 1662 507 etiam
1676 480 1817 507 laboribus

162 524 228 552 fidei
251 526 280 551 et
302 522 437 551 ecclesiae
461 531 494 550 ex
513 522 674 550 obedientia
692 521 850 556 apostolica
867 529 951 556 saepe
970 520 1056 548 fuerit
1073 521 1231 553 adhibitus,
1255 523 1353 556 utpote
1371 522 1604 556 inquisitionibus
1622 523 1817 556 hereticorum,

125 571 129 573 '
164 566 404 595 commissionibus
426 565 551 601 cruciate
576 566 672 593 contra
695 565 805 592 eosdem
827 564 967 600 hereticos
990 566 1075 598 atque
1099 563 1314 592 immanissimos
1333 565 1450 597 Turcas,
1474 566 1668 593 reformationi
1691 566 1770 601 pacis
1789 569 1818 594 et

121 658 146 677 10

121 873 145 893 15

119 1376 144 1396 25

118 1811 143 1832 ³5

118 2238 146 2258 4⁵

118 2452 146 2472 80

115 2771 145 2791 t55

164 610 327 638 concordiae
350 609 424 637 inter
446 608 588 644 principes
607 608 781 635 Christianos
803 610 832 635 et
854 607 1026 640 huiusmodi,
1050 607 1152 642 quibus
1170 608 1281 635 demum
1298 617 1350 642 pro
1368 609 1425 635 suis
1444 609 1513 636 bene
1531 609 1639 636 meritis
1657 609 1686 636 in
1705 609 1763 636 dies
1782 610 1818 636 ad

163 653 266 680 altiora
289 654 402 680 evectus
421 654 476 683 est,
501 653 534 679 ut
552 651 716 686 impleretur
733 659 822 678 sermo
840 650 1034 685 propheticus,
1059 659 1142 684 quem
1160 650 1287 685 prefatus
1306 660 1333 685 p.
1345 659 1402 678 rev.
1415 652 1446 678 fr.
1461 652 1578 679 Ioannes
1597 652 1631 679 de
1650 652 1818 686 Capistrano

163 696 303 731 quondam
322 695 348 722 ei
366 695 484 725 dixerat.
503 694 576 728 quod
596 693 729 721 videlicet
747 695 820 721 esset
838 694 948 720 futurus
966 702 1083 728 magnus
1102 693 1132 720 in
1151 693 1270 721 ecclesia
1287 693 1341 721 dei.
1378 695 1450 721 Nam
1469 695 1506 721 ad
1523 695 1726 729 promotionem
1744 696 1818 722 sermi

163 739 190 766 di
208 738 335 766 Mathiae
353 738 495 773 Ungariae
512 737 594 772 regis,
619 737 769 764 accedente
787 736 873 764 etiam
890 736 1024 763 mandato
1043 736 1217 770 apostolicae
1235 736 1316 769 sedis,
1341 737 1368 764 in
1389 738 1583 772 episcopatum
1601 738 1718 765 ecclesie
1736 738 1818 765 Albe-

162 782 255 810 nensis
279 781 309 808 in
327 780 523 808 Transilvania
548 781 707 815 assumptus
729 781 772 808 est
794 780 828 808 de
851 789 876 807 a.
890 779 916 806 d.
931 780 1010 811 1472,
1037 779 1137 807 deinde
1159 780 1195 806 ab
1218 780 1315 807 eadem
1338 781 1499 815 postulatus
1517 781 1661 816 Agriensis
1683 781 1819 809 ecclesiae

162 826 255 853 factus
277 826 321 852 est
343 824 502 859 episcopus,
525 823 598 850 unde
620 823 798 858 postmodum
816 831 841 850 a.
856 823 882 850 d.
895 823 971 855 1477,
997 822 1152 857 composita
1170 822 1248 857 prius
1267 832 1337 858 pace
1355 824 1429 851 inter
1447 825 1602 851 Romanum
1621 824 1819 859 imperatorem

164 870 193 896 et
211 877 314 903 regem,
331 868 453 902 primum
471 866 558 894 etiam
576 866 612 894 ad
631 867 739 894 culmen
758 866 948 894 cardinalatus
964 875 1068 901 magna
1081 875 1143 893 cum
1155 866 1246 900 gloria
1259 866 1357 899 evasit,
1377 866 1527 901 insignitus
1540 867 1625 895 titulo
1638 873 1716 894 sorum
1728 867 1819 903 Sergii

163 913 193 939 et
204 911 318 939 Bacchi.
354 911 498 938 Postremo
516 911 632 937 vocatus
650 911 693 937 est
711 918 728 936 a
746 909 878 944 pontifice
896 909 1018 936 maximo
1034 909 1113 936 Sixto
1131 918 1206 944 pape
1225 909 1272 936 IV.
1291 910 1328 936 ad
1345 910 1522 937 residendum
1540 910 1569 937 in
1583 911 1656 938 Urbe
1669 919 1694 938 a.
1705 911 1731 938 d.
1741 912 1817 943 1479,

161 954 211 982 ubi
236 954 350 982 tandem
373 963 423 988 pro
446 962 497 980 sua
521 961 628 980 morum
651 952 796 988 elegantia
819 954 848 979 et
871 952 1037 987 integritate
1057 961 1120 979 cum
1138 961 1245 980 summa
1262 952 1420 981 reverentia
1438 953 1553 980 habitus
1571 956 1614 981 est
1632 956 1691 981 tam
1710 963 1727 981 a
1745 955 1818 981 clero

162 1007 246 1032 quam
266 1006 283 1024 a
301 997 407 1032 populo
426 998 455 1024 et
472 996 502 1023 in
520 998 584 1023 cetu
604 995 788 1023 cardinalium
807 1004 863 1022 non
882 995 1036 1030 vulgariter
1053 997 1201 1030 reputatus
1220 995 1303 1023 huius
1320 996 1448 1024 mortalis
1467 997 1543 1024 vitae
1562 997 1678 1024 decursu
1697 997 1820 1025 feliciter

164 1042 355 1069 consummato
373 1039 507 1074 migravit
525 1039 562 1066 ad
580 1039 637 1065 dum
655 1047 680 1066 a.
693 1038 719 1066 d.
733 1038 809 1065 1486.

377 1130 537 1163 Nomina
565 1129 815 1172 quorundam,
844 1131 907 1172 qui
933 1131 1073 1162 mortui
1101 1133 1187 1162 sunt
1214 1133 1323 1163 extra
1349 1132 1601 1172 provinciam:

265 1196 309 1223 Fr.
319 1195 443 1223 Michael
454 1194 572 1228 Siculus,
586 1203 668 1222 senex
681 1203 717 1228 p.,
731 1193 780 1228 qui
793 1194 847 1221 fuit
860 1194 967 1229 primus
979 1194 1182 1229 guard(ian)us,
1201 1196 1299 1230 postea
1311 1195 1420 1222 rediens
1433 1195 1469 1222 ad
1482 1195 1635 1230 Ungariam
1649 1195 1819 1230 aliquotiens

162 1239 217 1267 fuit
239 1239 290 1266 vic.
310 1238 434 1266 eiusdem
458 1237 603 1273 provincie
626 1239 656 1265 et
673 1237 714 1264 ibi
732 1237 761 1264 in
780 1244 850 1272 pace
869 1237 986 1271 quievit.
1022 1237 1065 1264 Fr.
1078 1237 1214 1265 Nicolaus
1232 1246 1316 1265 senex
1334 1239 1378 1265 ob.
1395 1238 1424 1265 in
1442 1239 1576 1273 Ungaria.
1613 1239 1656 1266 Fr.
1670 1239 1819 1273 Dionysius

162 1283 197 1310 de
215 1282 352 1317 Ungaria,
379 1281 500 1316 scriptor
517 1282 546 1307 et
565 1282 676 1313 cantor,
702 1280 745 1307 ob.
763 1280 793 1306 in
811 1280 944 1315 Ungaria.
984 1280 1028 1307 Fr.
1042 1280 1228 1308 Bernardinus
1246 1281 1281 1308 de
1300 1281 1399 1316 Praga,
1424 1282 1565 1315 quondam
1583 1282 1818 1317 sac.secular1um

163 1325 255 1353 dictus
273 1325 299 1352 d.
312 1324 472 1359 Procopius,
496 1324 592 1351 valens
610 1323 778 1358 predicator,
797 1323 841 1351 ob.
858 1323 887 1350 in
906 1324 1037 1359 Ungaria.
1074 1324 1117 1351 Fr.
1131 1325 1268 1358 Ioan(nes)
1287 1325 1321 1351 de
1341 1325 1461 1358 Pruszia,
1481 1325 1604 1360 optimus
1622 1326 1749 1360 scriptor,
1769 1326 1818 1360 qui

163 1370 192 1396 et
210 1368 359 1404 gradualia
376 1368 406 1395 in
424 1368 486 1395 loco
504 1367 604 1394 Vienn.
622 1367 677 1394 duo
694 1366 808 1401 scripsit
826 1368 855 1394 et
873 1369 972 1401 postea
990 1367 1066 1394 ultra
1084 1367 1118 1395 60
1136 1367 1279 1395 volumina
1297 1368 1326 1394 in
1345 1368 1437 1400 Italia,
1462 1368 1607 1402 presertim
1626 1369 1654 1395 in
1674 1369 1820 1403 provincia

162 1411 316 1445 Bononiae,
342 1411 392 1439 ubi
417 1412 446 1438 et
468 1410 614 1437 defunctus
638 1412 681 1438 est
702 1412 817 1445 gustato
839 1410 938 1437 laetali
962 1410 1033 1438 cibo.
1070 1411 1113 1437 Fr.
1126 1411 1299 1446 Augustinus
1318 1411 1353 1438 de
1371 1411 1546 1439 Weittstorff
1560 1421 1629 1444 sac„
1654 1412 1818 1439 licentiatus

162 1454 230 1482 iuris
248 1454 384 1487 canonici,
403 1454 451 1488 qni
471 1462 555 1481 causa
573 1453 702 1481 medendi
720 1453 749 1480 in
767 1453 885 1480 thermis
898 1453 1013 1480 ltaliam
1031 1453 1151 1481 intravit
1169 1456 1198 1482 et
1216 1454 1322 1482 ibidem
1342 1454 1401 1481 vita
1419 1454 1547 1482 decessit.
1584 1455 1626 1482 Fr.
1641 1455 1772 1483 Albertus
1785 1455 1820 1483 de

162 1497 285 1530 Prussia,
309 1497 353 1525 vir
373 1497 508 1532 optimus,
534 1497 641 1532 Viennq
664 1498 694 1524 et
715 1496 744 1523 in
767 1496 894 1531 pluribus
917 1496 986 1524 locis
1005 1496 1167 1531 provinciae
1185 1497 1357 1532 guardianus
1377 1498 1407 1525 et
1426 1498 1460 1524 de
1479 1507 1504 1525 a.
1518 1498 1543 1525 d.
1557 1498 1638 1531 1483,
1664 1507 1726 1525 cum
1746 1501 1819 1526 esset

162 1541 298 1569 discretus
321 1540 465 1576 provincie
488 1541 518 1568 et
539 1539 699 1567 mitteretur
717 1539 753 1566 ad
771 1539 875 1567 Urbem
892 1539 922 1566 in
941 1540 1098 1574 capitulum
1116 1541 1137 1566 si
1156 1540 1299 1575 Yppoliti,
1323 1540 1353 1567 in
1371 1541 1473 1568 itinere
1491 1541 1656 1569 infirmitate
1675 1543 1819 1576 correptus

162 1584 235 1611 diem
258 1583 360 1611 clausit
383 1585 536 1611 extremum
560 1583 591 1610 in
613 1583 675 1610 loco
698 1582 788 1618 insule
813 1582 870 1609 laci
878 1583 903 1617 ⁸)
922 1582 1027 1610 Benaci
1052 1583 1111 1610 sive
1133 1583 1167 1610 de
1185 1584 1286 1610 Garda.
1326 1584 1370 1611 Fr.
1387 1584 1511 1611 Calixtus
1530 1584 1564 1611 de
1584 1585 1737 1620 Neuburga
1755 1594 1818 1618 sac„

161 1627 283 1662 plurime
300 1627 423 1654 sincerus
441 1628 471 1654 et
488 1626 592 1653 habilis
611 1626 648 1653 ud
665 1626 767 1659 multa,
785 1625 896 1653 scilicet
914 1626 1098 1657 scribendum.
1118 1626 1345 1661 praedicandum,
1363 1627 1533 1654 manualiter
1551 1628 1743 1661 laborandum,
1762 1629 1819 1662 qui,

162 1679 224 1698 cum
242 1670 463 1705 proficisceretur
480 1669 511 1696 in
529 1669 664 1696 societate
682 1669 738 1696 revi
755 1668 795 1703 pis
808 1669 980 1696 Christoffori
990 1669 1157 1696 Varisiensis
1170 1670 1376 1704 lerosolymam,
1393 1670 1498 1698 ibidem
1515 1673 1595 1705 peste
1613 1671 1700 1698 vitam
1718 1671 1818 1699 finivit.

162 1713 205 1740 Fr.
218 1713 380 1741 Franciscus
402 1713 437 1741 de
455 1713 660 1746 Landtshueta,
685 1721 768 1740 senex
792 1721 847 1739 sac.
864 1714 893 1740 et
912 1712 1012 1748 devote
1031 1712 1201 1746 alacritatis,
1227 1722 1310 1747 quem
1327 1722 1385 1741 rev.
1398 1722 1425 1748 p.
1439 1713 1553 1741 Gabriel
1572 1714 1734 1746 cardinalis,
1761 1723 1818 1749 eps.

162 1756 313 1791 Agrisnsis,
331 1756 468 1791 singulari
483 1755 586 1783 affectu
604 1756 792 1790 complectens
809 1755 836 1782 in
855 1756 1039 1783 confessorem
1052 1758 1080 1783 et
1093 1762 1186 1790 capum
1199 1757 1325 1791 elegerat
1337 1757 1432 1792 Agrie,
1445 1757 1594 1784 defunctus
1606 1757 1635 1784 in
1647 1758 1709 1785 loco
1722 1759 1819 1786 luden-

162 1799 304 1835 burgensi.
339 1799 383 1826 Fr.
395 1799 490 1826 Simon
512 1799 547 1826 de
565 1799 668 1826 Suevia
689 1807 744 1826 sac.
761 1798 865 1825 ibidem
890 1798 977 1826 etiam
998 1799 1041 1826 ob.
1077 1799 1121 1826 Fr.
1135 1799 1319 1834 Hieronymus
1338 1800 1371 1827 de
1390 1800 1558 1835 Egenburga
1575 1810 1630 1828 sac.
1649 1802 1692 1828 ob.
1711 1802 1818 1829 Assisii.

163 1843 207 1870 Fr.
220 1843 324 1870 Paulus
348 1843 381 1869 de
399 1842 458 1869 Ybs
479 1851 537 1870 sac.
555 1842 672 1870 devotus
694 1843 738 1870 ob.
759 1842 789 1869 in
812 1842 907 1870 littore
930 1842 1022 1869 maris.
1063 1843 1106 1869 Fr.
1119 1843 1279 1870 Leonardus
1301 1843 1335 1870 de
1353 1843 1442 1876 Wels,
1468 1844 1516 1877 qui
1538 1845 1630 1871 fuerat
1649 1845 1819 1879 guardianus

163 1886 335 1921 ludenburgi
353 1887 382 1913 et
399 1885 499 1918 socius,
518 1885 662 1913 discedens
675 1885 711 1912 ad
724 1885 880 1919 capitulum
894 1885 1024 1920 generale
1037 1885 1081 1912 ob.
1090 1885 1221 1913 Venetiis
1233 1895 1258 1912 a.
1268 1886 1294 1913 d.
1305 1887 1381 1914 1487.
1409 1887 1454 1913 Fr.
1465 1887 1591 1914 Clemens
1611 1888 1644 1915 de
1657 1888 1819 1920 Ditmercia,

162 1929 266 1957 nobilis
286 1938 314 1964 p.
332 1928 484 1963 Lipsensis,
512 1937 631 1963 magnae
654 1928 771 1966 scientie
798 1930 827 1956 et
848 1928 1022 1963 litterature,
1049 1928 1220 1963 aliquotiens
1243 1929 1415 1964 guardianus
1433 1929 1534 1957 Vienn.
1554 1932 1583 1957 et
1606 1930 1748 1964 Bruunae,
1774 1932 1818 1958 ob.

164 1973 281 2010 Brunue.
311 1972 355 1998 Fr.
366 1971 516 2006 Philippus
530 1972 564 1998 de
575 1971 704 2004 Saxonia,
718 1980 792 2006 mag.
805 1971 916 2004 artium,
930 1971 988 1998 eius
1001 1971 1100 2004 socius,
1117 1972 1161 1999 vir
1173 1969 1258 2006 pur-'us
1271 1974 1300 2000 et
1312 1973 1463 2007 plurimum
1483 1993 1617 2001 ......
1620 1974 1653 2007 b),
1666 1974 1820 2008 aliquando

163 2014 334 2050 guardianus
354 2014 588 2049 ludenburgensis
606 2016 635 2042 et
651 2014 780 2047 Brachla,
800 2014 909 2042 demum
920 2014 1092 2050 Vratislavie
1111 2015 1155 2042 ob.
1191 2015 1234 2042 Fr.
1248 2015 1376 2050 Raphael
1395 2016 1430 2042 de
1442 2015 1557 2048 Gorlitz,
1575 2017 1657 2044 homo
1675 2016 1819 2052 virgineae

163 2058 328 2090 honestatis,
347 2059 435 2085 bonus
454 2058 638 2092 praedicator,
658 2057 810 2091 aliquando
827 2057 999 2092 gum-dianus
1016 2057 1045 2084 Si
1060 2058 1219 2092 Hypolythi
1227 2060 1256 2091 ¹),
1275 2058 1324 2092 qui
1343 2068 1404 2085 cum
1424 2068 1457 2086 ex
1476 2059 1602 2094 capitulo
1616 2060 1751 2092 Paradisi,
1769 2060 1820 2087 ubi

163 2103 243 2129 erant
266 2101 357 2128 adhuc
375 2102 432 2128 tres
451 2100 595 2136 provincie
614 2102 812 2135 congregatae,
838 2100 893 2128 iret
910 2100 947 2127 ad
965 2110 1044 2127 suum
1063 2100 1249 2135 guardiannm
1268 2101 1530 2135 Vratislaviensem,
1553 2103 1688 2137 epidimia
1706 2102 1819 2130 invasus

162 2145 205 2172 ob.
219 2145 249 2171 in
268 2144 387 2171 Olmutz.
424 2144 467 2171 Fr.
482 2143 610 2171 Clemens
628 2144 662 2171 de
681 2143 809 2178 Legnitz,
831 2143 940 2171 fervens
958 2143 1119 2178 predicator
1137 2145 1166 2171 et
1184 2144 1354 2178 aliquotiens
1372 2145 1549 2179 guardianus,
1571 2145 1677 2174 ibidem
1695 2147 1739 2174 ob.
1776 2147 1819 2174 Fr.

164 2187 327 2215 Franciscus
348 2187 382 2214 de
402 2186 569 2219 Baudissim,
595 2186 755 2222 predicator
779 2188 809 2214 et
831 2195 918 2221 sagax
942 2186 971 2213 in
995 2186 1122 2221 agendis,
1148 2187 1301 2221 aliquando
1323 2188 1495 2222 guardiauus
1512 2189 1544 2216 S⁴³
1565 2189 1771 2224 Radegundis²)
1790 2191 1820 2218 et

164 2231 368 2262 Vratislaviae,
391 2230 434 2257 ob.
448 2230 647 2257 Vratislaviae.
686 2230 731 2257 Fr.
747 2230 911 2257 Franciscus
933 2230 967 2257 de
985 2230 1138 2262 Welstain,
1164 2230 1207 2257 vir
1224 2230 1327 2258 nobilis
1350 2232 1380 2258 et
1398 2233 1525 2258 strenuus
1548 2232 1578 2258 in
1602 2233 1695 2267 seculo
1714 2233 1771 2260 mil.
1791 2234 1820 2260 et

162 2274 237 2301 inter
261 2273 380 2301 curiales
403 2273 470 2300 olim
493 2273 567 2308 regis
584 2273 712 2300 Ladislai
730 2281 784 2300 non
804 2273 897 2308 infime
916 2273 1114 2307 reputationis,
1139 2274 1188 2300 sed
1205 2274 1235 2300 in
1253 2274 1400 2309 religione,
1425 2275 1588 2303 humilitate
1607 2284 1640 2303 ac
1659 2276 1759 2311 ceteris
1777 2277 1820 2303 vir

162 2316 251 2344 multo
277 2317 477 2351 praestantior,
504 2316 559 2343 fuit
579 2316 608 2343 in
631 2316 808 2351 susceptione
830 2316 886 2343 loci
904 2316 1064 2352 Pragensis,
1090 2325 1172 2350 quem
1191 2317 1361 2351 guardianus
1379 2318 1413 2344 de
1431 2318 1584 2346 Pediebrat
1601 2319 1717 2346 dederat
1734 2319 1819 2351 fribus,

163 2368 225 2386 cum
244 2359 462 2395 premitteretur,
481 2359 571 2386 multa
589 2360 625 2386 ab
644 2359 796 2387 haereticis
815 2359 967 2394 opprobria
985 2359 1129 2394 patienter
1146 2360 1287 2392 sustinuit,
1305 2361 1398 2388 factus
1410 2361 1511 2389 deinde
1523 2362 1693 2396 guardianus
1705 2362 1819 2396 ibidem,

162 2403 193 2429 in
215 2403 316 2430 itinere
339 2412 356 2430 a
382 2404 461 2437 peste
479 2403 606 2430 sublatus
624 2403 759 2438 migravit
776 2403 811 2430 ad
831 2403 896 2430 dum,
938 2403 982 2430 Fr.
994 2403 1180 2438 Hieronymus
1199 2404 1233 2431 de
1251 2404 1460 2439 Vratislaviee),
1486 2414 1541 2432 sac.
1560 2406 1589 2432 et
1608 2405 1768 2440 predicator
1785 2415 1819 2433 ac

165 2445 300 2481 pingendi
318 2454 434 2480 gnarus,
455 2445 499 2473 ob.
513 2445 710 2474 Vratislaviae.
752 2447 795 2473 Fr.
810 2446 946 2481 Rogerius
965 2447 998 2474 de
1017 2447 1143 2480 Brunna,
1169 2447 1186 2474 l.
1205 2447 1402 2474 devotissimus
1420 2449 1449 2475 et
1466 2448 1706 2482 imperturbabilis
1724 2449 1818 2482 animi,

163 2497 267 2523 coquus
290 2489 441 2523 aliquando
459 2488 567 2524 Vienne
592 2491 621 2517 et
643 2498 791 2524 germanus
809 2490 854 2516 frifl
872 2489 968 2517 lacobi
986 2490 1020 2517 de
1039 2491 1132 2517 Bruna
1154 2490 1181 2523 li,
1205 2490 1290 2518 etiam
1310 2490 1416 2518 ibidem
1435 2490 1483 2517 diu
1502 2491 1596 2525 coqui,
1622 2492 1666 2519 ob.
1680 2492 1818 2520 Brunnae.

164 2532 206 2560 Fr.
219 2531 418 2559 Constantinus
437 2542 454 2559 a
472 2533 672 2565 Pelvitztumb,
700 2533 718 2560 l.
736 2532 839 2560 nobilis
862 2541 963 2567 genere
982 2535 1011 2560 et
1030 2532 1146 2565 virtute,
1173 2533 1219 2560 hic
1237 2533 1364 2567 martyrii
1384 2533 1521 2561 desiderio
1539 2534 1661 2568 flagrans
1679 2534 1764 2569 petiit
1783 2535 1818 2562 ob

266 2646 289 2677 Β)
307 2646 358 2672 1οοὶ
376 2646 431 2671 cod.
536 2645 562 2679 h)
582 2646 672 2680 Spatia
690 2655 770 2672 vacuo
788 2647 877 2672 relicto
894 2655 943 2672 vom
960 2647 1089 2679 quaedam
1107 2647 1201 2672 omissa
1219 2651 1262 2673 est.
1368 2647 1391 2679 θ)
1411 2647 1473 2672 Ood.
1511 2647 1598 2673 Gerr„-
1616 2649 1782 2675 Vratislavia.

269 2722 288 2755 ι)
308 2721 368 2748 Hoc
392 2722 545 2749 coenobium
564 2722 718 2756 primordia
741 2730 793 2749 sua
816 2731 833 2749 a
852 2723 974 2749 Iohanne
995 2723 1158 2756 Capistram
1180 2731 1206 2750 a.
1223 2727 1285 2750 1455
1309 2723 1388 2757 cepit,
1413 2724 1460 2756 qui
1482 2724 1540 2750 eius
1563 2725 1700 2751 erectionis
1723 2733 1817 2752 curam

165 2764 286 2791 Gabi-iezi
302 2765 333 2791 de
350 2765 455 2792 Verona
473 2765 608 2799 confratri
625 2773 673 2792 suo
691 2766 826 2792 commisit.
862 2765 939 2792 Lites
955 2765 1104 2792 diuturnae
1122 2773 1153 2792 ea
1171 2773 1205 2792 ex
1222 2774 1307 2792 causa
1325 2774 1385 2793 cum
1402 2767 1520 2793 canonia
1538 2770 1686 2800 pervetusta
1703 2769 1730 2795 S.
1746 2768 1817 2802 Hip-

158 2808 247 2842 polyti
266 2810 372 2835 exortae
389 2810 462 2835 swnt.
568 2809 589 2842 ²)
608 2807 765 2835 Clausorum
783 2817 803 2835 s.
818 2808 994 2843 Radequndis
1011 2809 1043 2835 in
1061 2808 1243 2843 Katzelsdorf.
