2150 3178
110 892 114 896 -
377 847 567 907 MON
570 847 824 906 UMEN
827 847 940 904 TA
980 847 1039 905 N
1043 846 1371 905 ECROLO
1381 847 1605 905 GICA.

168 950 671 1010 MONIALIUM
713 949 770 1008 S.
803 949 1141 1008 MARIAE
1183 949 1609 1008 MAGDALE
1618 950 1677 1008 N
1678 951 1792 1008 ΑΕ

570 1053 786 1112 VIND
796 1052 1386 1112 OBONENSIUM.

257 1203 421 1249 Sororum
438 1214 714 1255 poenitentialium
737 1226 762 1248 s.
778 1215 956 1255 Auyustini
979 1214 1117 1255 requiam
1135 1214 1356 1254 professarum
1378 1215 1523 1253 coenobii,
1553 1215 1637 1255 quod
1658 1225 1737 1247 saec.
1755 1216 1807 1246 13.

151 1267 280 1299 ineunte
303 1266 502 1299 Vindobonae
528 1270 602 1299 ante
625 1267 790 1299 Scotorum
811 1269 940 1308 portam
965 1266 1031 1298 iam
1053 1266 1187 1306 viyuisse
1209 1266 1363 1303 traditur,
1392 1269 1594 1298 monumenta
1616 1266 1808 1308 necroloyica

151 1318 255 1351 codice
276 1318 328 1350 28.
341 1319 403 1349 001
427 1319 559 1351 maioris
580 1319 701 1358 formae
723 1318 956 1350 membranaceo
978 1318 1192 1356 continentur,
1221 1317 1278 1357 qui
1304 1317 1388 1349 inter
1411 1317 1506 1349 libros
1528 1317 1666 1350 illustris
1687 1318 1808 1351 domini

151 1370 308 1402 Iohannis
334 1370 457 1402 comitis
485 1380 506 1402 a
530 1370 664 1403 Wilceek
692 1370 728 1402 in
756 1380 829 1402 arce
851 1370 1081 1402 Kreueenstein
1102 1379 1202 1409 prope
1224 1369 1435 1409 Korneubury
1457 1369 1613 1401 Austriae
1635 1369 1808 1408 Inferioris

151 1422 215 1453 sita
241 1422 423 1454 reconditus
449 1425 507 1461 est,
537 1423 630 1454 cuius
651 1422 688 1454 in
706 1421 788 1463 folio
805 1422 911 1462 primo
932 1424 1009 1454 nota
1031 1421 1196 1461 adscripta
1218 1423 1280 1452 est:
1309 1420 1393 1452 Das
1419 1422 1543 1462 puech
1569 1421 1638 1462 yeh
1648 1424 1709 1454 ort
1737 1432 1808 1454 ceu

152 1473 265 1506 Sand
291 1473 430 1506 Maria
456 1473 675 1515 Maqdalen
700 1484 770 1506 vor
798 1474 1059 1506 Schottentor
1085 1483 1156 1505 ceu
1185 1472 1324 1505 Wienn
1351 1475 1418 1504 etc.

258 1551 287 1582 1.
315 1550 535 1591 Necroloyium
557 1551 693 1583 eiusdem
717 1551 853 1583 coenobii
875 1551 989 1583 codicis
1003 1561 1102 1590 supra
1117 1550 1281 1582 memorati
1295 1550 1382 1589 foliis
1399 1550 1533 1582 1—31a
1553 1551 1806 1590 comprehensum

152 1602 237 1634 circa
265 1613 296 1634 a.
313 1602 399 1635 1452
425 1603 521 1635 scribi
546 1603 729 1635 inchoatum
757 1603 856 1635 variis
882 1602 1086 1634 librariorum
1115 1602 1263 1634 manibus
1291 1612 1389 1642 usque
1419 1602 1456 1633 in
1485 1612 1564 1634 saec.
1589 1604 1640 1635 16.
1669 1603 1807 1635 medium

151 1653 319 1686 deductum
346 1656 400 1686 est.
451 1653 581 1686 Paucae
609 1655 823 1687 tantummodo
850 1657 954 1693 notae,
984 1665 1064 1694 quae
1087 1665 1126 1686 ecc
1147 1654 1327 1694 antiquiore
1348 1653 1484 1694 quodam
1506 1654 1692 1695 necroloyio,
1720 1665 1808 1687 nunc

150 1708 210 1738 aut
231 1705 348 1738 amisso
370 1707 428 1737 aut
451 1705 573 1744 latente,
597 1705 794 1747 depromptae
817 1717 881 1738 esse
902 1706 1058 1743 videntur,
1081 1706 1120 1737 ab
1144 1706 1284 1738 auctoris
1305 1716 1404 1738 manu
1428 1706 1598 1747 inscriptae
1620 1709 1705 1738 sunt.

254 1784 285 1815 2.
314 1783 418 1815 Notae
440 1793 510 1815 vero
532 1783 740 1824 necroloyicae
762 1783 928 1816 annalium
952 1783 1049 1822 modo,
1080 1783 1183 1815 obitus
1204 1783 1301 1815 annis
1323 1779 1387 1816 non
1409 1784 1584 1824 adnotatis,
1611 1786 1807 1825 conscriptae

151 1835 292 1867 eiusdem
319 1834 435 1866 codicis
462 1834 551 1873 foliis
572 1837 614 1866 31
624 1835 757 1867 b—34a
784 1836 985 1868 continentur
1014 1838 1043 1867 et
1070 1835 1196 1875 quidem
1217 1835 1253 1866 in
1274 1834 1361 1874 foliis
1383 1837 1424 1867 31
1434 1836 1568 1868 b-—32a
1590 1847 1712 1869 sorores
1733 1840 1808 1869 ante

151 1896 182 1918 a.
199 1886 284 1918 1452
310 1888 465 1924 mortuae,
495 1886 606 1919 deinde
626 1887 818 1927 praepositi,
847 1887 1023 1919 sacerdotes
1044 1897 1066 1918 a
1087 1887 1348 1925 confessionibus,
1379 1887 1513 1919 claustri
1535 1888 1747 1930 benefactores
1769 1899 1807 1920 esc

150 1938 250 1978 stirpe
271 1937 391 1969 illustri
406 1937 635 1978 Habsburyica,
655 1938 854 1980 fundatores,
878 1938 937 1970 alii
959 1939 1169 1978 benefactores
1185 1938 1385 1970 denotantur.
1430 1939 1530 1971 Alias·
1547 1942 1640 1971 notas
1661 1950 1700 1972 ex
1720 1943 1805 1972 vetu-

150 1990 246 2022 stiore
268 1989 404 2030 quodam
428 1989 528 2022 libello
550 1989 739 2031 necroloyico
761 1991 936 2032 exscriptas
951 2001 1016 2022 esse
1030 2000 1100 2022 vero
1110 1990 1295 2030 proximum
1310 1993 1363 2029 est,
1387 1990 1471 2022 aliae
1486 1991 1587 2022 variis
1602 1990 1806 2023 librariorum

151 2041 301 2073 manibus
322 2041 452 2073 additae
473 2044 557 2073 sunt.
602 2041 646 2074 In
661 2041 754 2084 foliis
772 2044 815 2074 33
823 2043 958 2074 a-34a
976 2052 1096 2074 sorores
1116 2041 1155 2073 ab
1175 2051 1205 2072 a.
1222 2035 1435 2072 1452—154'5
1451 2041 1620 2083 defunctae
1635 2042 1807 2083 inscriptae

151 2095 241 2131 sunt,
270 2103 407 2133 quarum
437 2093 535 2124 aliam
558 2096 683 2133 partem
711 2093 863 2126 librarius
889 2094 1019 2134 quidam
1047 2104 1076 2125 a.
1097 2094 1180 2124 1464
1203 2092 1316 2124 litteris
1341 2093 1517 2132 mandavit,
1549 2092 1647 2126 aliam
1674 2094 1807 2126 alterius

151 2145 316 2184 scriptoris
338 2154 454 2175 manus
477 2145 561 2176 circa
584 2155 614 2176 a.
632 2145 716 2176 1510
738 2145 874 2185 scripsit,
898 2145 1052 2186 reliquam
1074 2155 1145 2177 vero
1162 2147 1289 2185 partem
1311 2144 1428 2176 diversi
1449 2144 1576 2177 librarii
1598 2149 1805 2178 annotarunt.

262 2204 303 2237 Ut
329 2207 421 2236 notas
449 2207 516 2236 tum
539 2205 573 2236 in
595 2205 767 2246 necroloyio
789 2207 840 2247 (1)
864 2208 930 2237 tum
951 2206 987 2238 in
1009 2206 1094 2238 notis
1114 2205 1317 2245 necroloyicis
1339 2205 1389 2247 (2)
1413 2215 1434 2236 a
1456 2205 1587 2237 (liversis
1609 2206 1806 2247 singulorum

150 2255 350 2287 saeculorum
378 2256 521 2288 librariis
549 2257 723 2298 inscriptas
749 2257 984 2298 distinyuerem,
1014 2259 1107 2289 notas
1133 2257 1172 2289 ab
1199 2257 1340 2288 auctoris
1365 2256 1517 2297 cuiusque
1539 2267 1637 2289 manu
1658 2268 1736 2290 saec.
1755 2259 1804 2291 15.

152 2307 326 2347 inscriptas
349 2306 464 2339 litteris
486 2300 668 2346 maioribus,
691 2308 831 2348 reliquas
853 2318 932 2340 saec.
951 2309 1001 2340 15.
1019 2308 1132 2340 litteris
1153 2307 1328 2340 maioribus
1350 2307 1443 2339 uncis
1464 2307 1605 2346 inclusis,
1630 2311 1722 2340 notas
1737 2319 1807 2341 vero

150 2368 233 2391 saec.
251 2358 301 2390 16.
318 2358 447 2390 inewnte
469 2359 632 2399 appositas
654 2362 779 2392 tantum
802 2359 930 2392 selectas
952 2360 1035 2401 typis
1057 2360 1191 2392 minutis
1213 2359 1324 2391 curavi
1346 2359 1576 2399 exprimendas.

256 2438 286 2468 3.
315 2436 618 2468 Anniversariorum
641 2437 817 2478 catalogum
839 2437 978 2470 eiusdem
1000 2438 1115 2470 codicis
1133 2437 1216 2479 folia
1235 2438 1393 2468 35a-37
1399 2437 1416 2468 b
1439 2437 1693 2476 complectuntur,
1716 2449 1806 2479 quem

151 2497 182 2519 a.
203 2488 326 2519 circiter
349 2487 434 2518 1514
461 2487 501 2520 ab
528 2489 670 2520 auctoris
691 2489 800 2530 prima
826 2499 926 2521 manu
952 2500 991 2521 ex
1007 2490 1116 2530 priore
1137 2489 1274 2529 quodam
1296 2488 1435 2529 cataloyo
1458 2489 1648 2529 descriptum
1670 2492 1763 2530 atque
1785 2501 1806 2522 a

152 2538 255 2571 variis
281 2539 472 2580 scriptorum
493 2540 640 2572 manibus
661 2540 796 2572 ulterius
818 2541 982 2573 deductum
1007 2552 1070 2573 esse
1092 2551 1263 2579 censemus,
1291 2551 1440 2581 quemque
1463 2540 1577 2572 litteris
1598 2542 1731 2573 minutis
1753 2552 1805 2574 esc-

147 2589 352 2630 primendum
374 2591 494 2622 curavi.

260 2650 347 2700 Quae
373 2653 575 2683 monumenta
600 2651 792 2693 necroloqica
820 2663 918 2693 usque
943 2652 1048 2684 adhuc
1075 2653 1198 2685 inedita
1229 2653 1280 2685 hic
1303 2653 1446 2694 primum
1471 2652 1652 2692 vulqantur.
1701 2653 1807 2693 Quare

153 2700 273 2733 illustri
300 2701 424 2735 domino
446 2702 587 2735 Iohanni
614 2704 721 2735 comiti
747 2715 768 2735 a
791 2703 937 2742 Wdceek,
970 2705 1027 2744 qui
1055 2704 1111 2736 hoc
1140 2705 1242 2736 codice
1270 2705 1354 2736 domi
1376 2704 1487 2736 utendi
1514 2704 1671 2737 licentiam
1699 2705 1806 2736 animo

150 2755 295 2794 prompto
312 2753 512 2794 proclivoque
533 2754 610 2786 milii
633 2755 791 2795 concessit,
813 2755 864 2787 hic
886 2765 1008 2796 quoque
1029 2756 1153 2796 ¹‹yratias
1175 2766 1232 2796 ayo
1255 2756 1422 2787 maoeimas.
