2150 3178
565 195 832 223 NECROLOGIUM
851 194 1120 222 CANONICARUM
1139 195 1455 223 PERNECCENSIUM.
1772 199 1837 230 563

850 311 1170 348 FEBRUARIUS.

199 385 224 412 3.
294 384 342 411 III.
354 393 418 411 non.
440 384 603 419 Margareta
622 384 853 419 Kaltenbergerin
873 387 950 419 prosa
968 385 1154 412 Pernecensia

198 430 224 454 4.
305 428 339 454 11.
354 435 418 454 non.
441 426 596 453 Fridericus
615 435 672 461 eps.
686 426 836 458 Tieiensis‚
859 427 1000 462 resignato
1019 429 1185 463 episcopatu
1205 437 1265 456 can.
1278 428 1483 455 Strahoviensis
1503 430 1532 456 et
1550 430 1614 456 abb.
1629 430 1838 464 Gradicensis.¹)

199 471 223 498 6.
269 470 343 497 VIII.
357 470 393 496 id.
442 469 624 505 Hildegundis
638 475 721 502 coma,
741 470 883 496 fundatrix
896 472 925 497 et
937 471 1028 505 prima
1041 477 1120 506 mag³
1132 471 1265 498 Merensis
1279 471 1413 498 ecclesiae
1427 471 1532 498 ordinis
1546 472 1837 500 Praemonstratensis.

492 514 654 541 Gulhelmus
673 523 733 541 can.
747 514 910 547 Gerasenus,
929 524 1008 549 ppos.
1022 514 1201 542 Pernecensis
1220 516 1249 541 et
1269 514 1333 541 abb.
1347 514 1509 548 Gerasenus2
1529 515 1604 541 1446.

136 590 140 592 ‚
199 558 223 584 9.
313 557 343 584 V.
357 557 394 584 id.
442 557 587 584 Elisabeth
607 557 641 584 de
659 557 828 584 Missendorf
841 559 911 584 nata
929 558 963 584 de
982 558 1119 585 Panhalm
1139 558 1214 584 1487.

183 600 224 627 10.
295 600 343 628 IV.
356 600 393 627 id.
442 600 472 626 Β.
486 600 567 635 Hugo
586 600 607 627 1.
620 600 684 627 abb.
699 600 917 627 Praemonstrati
936 602 965 627 et
983 600 1102 634 primum
1123 603 1209 634 caput
1227 599 1332 626 ordinis
1352 600 1427 627 1164.

183 642 224 669 13.
355 643 392 669 id.
440 643 544 670 Paulus
562 642 626 670 abb.
640 642 796 670 Gerasenus
814 642 920 677 primus
939 643 1014 669 1186.

183 686 225 712 14.
273 685 346 712 XVI.
359 686 414 712 kal.
441 685 600 712 Sobieslaus
619 685 674 712 dux
693 685 831 717 Boemiae,
850 686 1013 713 benefactor
1031 686 1143 718 ordinis,
1164 687 1238 714 1140.
1277 686 1431 714 Catharina
1449 687 1622 714 benefactrix
1642 689 1788 716 Gerasena.

184 729 223 755 16.
272 728 345 755 XIV.
358 729 416 755 kal.
443 729 576 756 Albertus
593 728 767 755 Monacensis
786 728 850 755 abb.
863 728 1127 763 Altenburgensis.²)
1163 729 1297 756 Nicolaus
1310 729 1425 757 Schratt
1444 739 1504 757 ean.
1518 731 1680 763 Gerasenus,
1699 732 1838 766 parochus

496 771 743 798 Drosendorfensia

185 815 224 841 17.
269 814 344 841 XIII.
357 814 413 841 kal.
441 814 510 841 Otto
528 814 584 841 dux
604 814 733 841 Austriae
752 816 781 841 et
799 814 910 848 Styriae
929 814 1003 846 1339,
1023 814 1185 841 benefactor
1203 824 1229 841 n.

182 858 224 884 18.
283 857 343 884 XII.
357 857 414 884 kal.
441 857 627 884 Godescalcus
647 857 666 884 I.
680 857 744 884 abb.
758 857 898 888 Siloensis,
916 858 1048 884 fundator
1066 867 1101 890 n..
1122 858 1196 884 1184.

184 901 226 935 19.
295 900 344 927 XI.
357 900 413 927 kal.
441 900 540 927 Petrus
558 900 622 927 abb.
637 900 832 927 Milovicensis.

181 943 224 970 20.
311 943 344 970 X.
357 943 414 970 kal.
441 943 598 977 Euphemia
616 948 692 970 corn*
704 944 738 970 de
751 943 886 978 Pernegg,
905 942 1057 969 fundatrix.
1094 943 1235 970 Conradus
1254 953 1269 971 e
1287 951 1373 979 ppos0
1388 946 1551 973 Pernecensi
1570 947 1635 974 abb.
1649 947 1837 983 Gerasenua⁸>

182 987 224 1014 21.
297 987 345 1014 IX.
357 987 414 1013 kal.
442 986 597 1014 Fridericus
615 986 778 1014 benefactor
797 987 960 1014 Geraseuus.

897 1089 1127 1125 MARTIUS.

199 1163 223 1190 2.
294 1163 340 1190 VI.
354 1171 417 1190 non.
441 1162 627 1198 Engelbertus
647 1163 667 1190 I.
686 1171 764 1197 ppos.
778 1162 956 1190 Pernecensis
966 1164 997 1195 ⁴),
1023 1163 1071 1197 qui
1094 1163 1194 1190 beatus
1213 1163 1280 1190 olim
1299 1163 1453 1191 dicebatur.
1491 1165 1561 1192 Item
1581 1166 1739 1194 Gerhardus
1757 1177 1836 1203 ppos.

494 1206 500 1211 .
525 1206 531 1211 .
611 1208 621 1222 ἦ

198 1249 224 1276 3.
308 1249 341 1275 V.
354 1258 418 1276 non.
442 1206 667 1276 Coriiblgiibnabb.
681 1249 946 1284 Altenburgensis.‘')

198 1293 223 1319 4.
296 1292 342 1319 IV.
354 1301 417 1319 non.
440 1292 480 1318 Da
497 1292 577 1318 Anna
595 1291 769 1319 benefacti-ix
788 1292 935 1319 Gerasena.
973 1292 1060 1327 Virgo
1079 1292 1240 1327 Margareta
1259 1293 1279 1318 F
1281 1292 1417 1327 reisinger
1435 1294 1512 1327 prosa
1531 1294 1718 1324 Pernecensis.

199 1336 223 1362 6.
306 1336 340 1362 11.
354 1343 417 1362 non.
441 1335 618 1362 F1-.Miehael
642 1343 701 1362 can.
715 1335 883 1366 Geramnus,
908 1336 1045 1369 parochus
1069 1335 1098 1361 in
1122 1335 1255 1362 Ranzern.
1300 1335 1484 1363 Thilmannus
1508 1337 1542 1364 II.
1560 1338 1624 1365 abb.
1643 1339 1798 1367 Gerasenus
1807 1343 1837 1375 ⁴¹),

492 1378 618 1412 sepultus
637 1378 673 1405 ad
692 1378 805 1405 Portam
824 1378 901 1406 Coeli
919 1378 1054 1405 Viennae.

201 1423 224 1449 7.
354 1430 418 1448 non.
441 1422 473 1449 P.
486 1421 601 1448 Ursinus
619 1421 684 1448 abb.
697 1421 881 1448 Gradicensis.
920 1421 988 1448 Otto
1006 1422 1041 1448 de
1059 1421 1176 1448 Meissau
1196 1421 1312 1449 ultimus
1329 1422 1448 1457 generis.

200 1465 224 1492 8.
268 1465 342 1492 VIII.
356 1465 393 1492 id.
441 1464 540 1492 Petrus
558 1466 587 1491 et
605 1464 776 1495 Przeborius,
795 1465 855 1491 cani
873 1464 1014 1498 Geraseni,
1033 1465 1159 1499 parochi.

183 1509 223 1535 11.
310 1508 342 1535 V.
356 1508 394 1535 id.
441 1507 503 1534 Frffl³
521 1507 650 1534 Libusius
669 1509 698 1534 et
717 1507 846 1539 Thomas,
866 1508 927 1535 cani
946 1508 1087 1540 Geraseni,
1106 1508 1190 1542 plebi.

183 1551 225 1578 12.
296 1551 342 1578 IV.
356 1551 392 1577 id.
441 1551 539 1578 Petrus
558 1559 618 1577 can.
631 1549 845 1583 Strohoviensis,
863 1559 943 1586 ppos.
957 1551 1136 1578 Doxanensis.
1172 1551 1305 1578 Seifridus
1325 1552 1388 1579 abb.
1402 1552 1668 1587 Altenburgensis.⁸)

183 1595 223 1621 16.
254 1594 343 1621 XVII.
356 1594 413 1621 kal.
440 1593 484 1620 Fr.
497 1593 664 1620 Laurentius
682 1603 742 1621 can.
756 1593 919 1627 Gerasenus,
938 1594 1013 1629 pleb.

183 1638 223 1664 17.
268 1637 343 1664 XVI.
355 1637 412 1664 kal.
441 1637 594 1664 Bernardus
613 1638 677 1665 abb.
691 1638 878 1670 Gerasenus.·)
914 1637 1079 1664 Vincentius
1099 1646 1179 1671 ppos.
1194 1636 1428 1665 Neoreischensis.

184 1681 223 1707 18.
283 1680 342 1707 XV.
356 1680 412 1706 kal.
442 1679 574 1707 Voislava
592 1680 626 1708 de
644 1680 758 1707 Hradek
777 1681 940 1707 benefactor
958 1680 1070 1706 ordinis.

183 1723 224 1750 19.
268 1723 343 1750 XIV.
355 1723 413 1750 kal.
440 1723 588 1750 Zacharias
606 1724 682 1758 pleb.
696 1723 724 1750 in
744 1723 883 1750 Pertholz.
1013 1732 1015 1734 ·

181 1766 223 1793 23.
310 1766 343 1793 X.
356 1766 413 1793 kal.
441 1766 566 1794 Susanna
585 1766 655 1794 abb⁸
673 1767 709 1793 ad
727 1766 785 1794 Sum
797 1766 977 1794 Bernardum.

181 1809 223 1836 24.
294 1809 341 1836 IX.
354 1809 412 1836 kal.
440 1809 555 1836 Ioannes
574 1809 638 1836 abb.
652 1809 874 1844 Zwettlensis.¹⁰)
911 1809 1033 1836 Michael
1052 1808 1167 1836 ultimus
1186 1817 1254 1835 com.
1268 1809 1302 1836 de
1321 1809 1500 1844 Hardegg.¹¹)

181 1852 222 1878 25.
270 1851 341 1878 VIII.
354 1852 411 1879 kal.
438 1852 564 1879 Viennae
583 1852 729 1880 Elisabeth
748 1853 859 1879 ducissa
876 1852 1022 1883 Bavariae,
1041 1851 1153 1878 Ottonis
1171 1851 1249 1879 ducis
1267 1852 1398 1879 Austriae
1416 1861 1470 1884 ux„
1492 1852 1566 1879 1330.

180 1895 222 1922 26.
281 1895 343 1922 VII.
357 1895 412 1922 kal.
441 1895 570 1922 Castulus
590 1895 653 1923 abb.
667 1895 849 1928 Siloensis¹²)‚
868 1895 916 1929 qui
936 1895 1036 1922 beatus
1054 1894 1165 1922 dicitur.

910 2001 1112 2038 APRILIS.

200 2076 223 2102 7.
283 2075 342 2102 VII.
355 2074 392 2101 id.
439 2075 608 2102 Adalbertus
627 2075 763 2109 archieps.
777 2075 1053 2110 Salisburgensis¹³),
1078 2075 1144 2102 olim
1167 2075 1296 2102 alumnus
1315 2074 1419 2101 ordinis
1439 2074 1734 2108 Praemonstratensis,
1762 2077 1836 2108 1200,

494 2118 535 2144 Fr.
549 2117 644 2144 Simon
662 2117 736 2152 pleb.

198 2162 223 2188 8.
295 2161 341 2187 VI.
355 2160 392 2187 id.
442 2160 601 2187 Gerhardus
620 2161 684 2188 abb.
697 2161 899 2194 Gerasenusfl)

198 2206 223 2232 9.
310 2204 343 2231 V.
357 2204 394 2231 id.
444 2204 511 2231 Otto
530 2213 587 2238 eps.
601 2204 737 2237 Patav.¹⁵)

184 2249 224 2276 10.
295 2247 342 2274 IV.
356 2247 393 2274 id.
440 2246 595 2274 Ebervinus
614 2248 634 2274 I.
648 2255 724 2281 ppos.
738 2247 1000 2280 Steinfeldensisw),
1019 2246 1153 2274 circariae
1171 2252 1217 2273 11²⁹
1235 2246 1387 2274 ordinator.

183 2292 224 2318 15.
256 2290 342 2317 XVII.
356 2290 413 2317 kal.
442 2291 471 2316 B.
485 2290 683 2317 Waltmannus
701 2290 722 2316 I.
735 2290 799 2317 abb.
812 2290 839 2317 Si
851 2289 1040 2323 Michaelisfl)
1059 2289 1239 2324 Antverpiae.

183 2334 224 2361 16.
268 2333 344 2360 XVI.
357 2333 413 2360 kal.
440 2333 472 2360 D.
486 2333 618 2360 wikerus
636 2333 799 2360 benefactor
817 2333 982 2360 Gerasenus.

182 2377 223 2404 17.
282 2376 343 2403 XV.
355 2376 413 2403 kal.
439 2376 521 2410 Hugo
540 2376 588 2403 111.
602 2376 667 2403 abb.
681 2376 900 2404 Praemonstrati
919 2376 994 2403 1242.

182 2420 223 2447 22.
309 2419 343 2446 X.
355 2419 411 2446 kal.
438 2419 573 2446 Henricus
587 2420 650 2446 abb.
664 2419 804 2446 Lucensis.
842 2419 884 2446 Fr.
898 2419 1015 2446 Ioannes
1028 2419 1155 2453 Chybrar
1170 2418 1245 2453 pleb.
1258 2418 1288 2444 in
1302 2418 1410 2446 Mislau.
1448 2418 1491 2445 Fr.
1504 2419 1622 2446 Ioannes
1634 2419 1837 2453 Reyschenbek

493 2462 567 2496 pleb.
580 2462 610 2488 in
628 2462 730 2489 Mislau
749 2463 824 2489 1477.

182 2505 224 2532 23.
294 2505 344 2532 lx.
355 2505 412 2531 kal.
439 2505 483 2532 Fr.
498 2505 613 2532 Ioannes
631 2505 705 2540 pleb.
718 2505 748 2532 in
766 2505 900 2532 Ranzern.
937 2505 1094 2539 Euphemia
1112 2505 1146 2532 de
1164 2504 1278 2539 Eitzing
1298 2505 1410 2538 1499.¹⁸)

183 2548 224 2575 24.
268 2547 343 2574 VIII.
356 2548 414 2575 kal.
442 2548 484 2574 Fr.
497 2548 622 2575 Andreas
640 2548 715 2583 pleb.
728 2548 757 2575 in
777 2549 903 2575 Blumau.

289 2648 309 2681 ¹)
329 2647 375 2675 Ob.
388 2656 413 2674 α.
427 2650 496 2680 1336,
514 2647 568 2674 dm
584 2648 700 2674 imm-tm
716 2650 762 2675 est.
860 2649 880 2681 ²)
900 2650 1078 2674 1327—1333.
1177 2647 1198 2679 8)
1218 2649 1351 2673 1230—0.
1366 2649 1441 2673 1295.
1537 2647 1558 2680 ⁴)
1582 2645 1626 2673 Ob.
1639 2645 1712 2672 eirca
1729 2654 1755 2673 a.
1768 2650 1836 2674 1171.

185 2690 206 2725 ¹¹)
227 2690 272 2718 Ob.
286 2690 360 2717 circa
377 2694 487 2717 a.14⁶0.
593 2691 614 2724 ⁸)
636 2691 732 2718 Utrum
750 2691 772 2717 I.
792 2699 830 2716 an
847 2690 900 2723 IL,
917 2691 1046 2717 incertum
1065 2698 1120 2716 esse
1137 2690 1247 2716 videtur.
1349 2689 1371 2722 ⁷)
1390 2692 1509 2716 1343—0.
1523 2692 1597 2726 1348.
1697 2690 1718 2722 ⁸)
1741 2689 1836 2716 Utrum

184 2733 318 2766 Seifridus
335 2734 377 2761 11.
389 2742 427 2759 cm
443 2733 511 2767 111,
529 2733 647 2761 discerni
663 2741 720 2760 mm
733 2741 809 2767 posse
826 2733 944 2766 videtur,-
960 2736 995 2768 cf.
1007 2733 1044 2759 ad
1057 2733 1126 2760 Mai.
1141 2737 1181 2760 19.
1271 2734 1292 2765 ⁹)
1311 2735 1432 2759 1330—0.
1447 2735 1523 2759 1335.
1614 2734 1648 2765 ¹⁰)
1668 2731 1712 2759 Ob.
1725 2741 1750 2759 a.
1765 2736 1836 2759 1474.

186 2776 220 2809 ¹¹)
233 2776 279 2803 Ob.
288 2785 314 2803 a.
325 2779 395 2803 1483.
472 2778 506 2810 ¹²)
520 2776 565 2803 Ob.
575 2785 600 2803 α.
613 2780 686 2804 1200.
766 2777 799 2810 ¹³)
812 2776 972 2803 Adalbertus
984 2777 1039 2804 III.
1050 2779 1225 2803 1183—1200.
1300 2776 1332 2809 u)
1349 2775 1393 2802 Ob.
1403 2783 1425 2802 e.
1436 2783 1460 2801 α.
1471 2777 1549 2802 1330.
1622 2776 1655 2809 ¹⁵)
1668 2779 1836 2803 1254-1265.

186 2820 218 2854 1·)
239 2819 286 2846 Ob.
299 2827 320 2846 c.
334 2828 359 2847 α.
372 2822 444 2846 1153.
551 2820 584 2852 ¹⁷)
603 2819 648 2847 Ob.
662 2828 682 2847 c.
696 2828 721 2847 a.
736 2822 811 2846 1138.
919 2821 952 2853 ¹9)
976 2820 1048 2847 Uxor
1067 2819 1178 2854 Georgii
1196 2819 1228 2846 de
1247 2819 1369 2853 Eitziny,
1388 2818 1425 2845 ob.
1438 2818 1526 2845 eadem
1544 2817 1587 2845 die
1604 2826 1630 2845 α.
1646 2822 1715 2846 1501.

1583 2869 1633 2896 71*
