2150 3178
256 737 370 796 NE
377 736 647 796 GROLO
655 736 879 796 GIUM
914 738 1133 796 ALTE
1140 738 1200 795 N
1203 737 1377 796 BUR
1384 737 1494 796 GE
1501 737 1561 796 N
1565 737 1676 796 SE.

245 878 498 924 Monasterium
520 899 544 922 s.
561 889 729 922 Lamberto
751 890 787 921 in
803 889 978 930 Altenbwry
1000 889 1179 922 dedicatum
1200 889 1241 921 ab
1257 889 1465 930 Hildeburya,
1488 900 1504 921 e
1525 890 1624 931 stirpe
1646 890 1793 922 comitum

140 942 178 974 de
193 941 339 982 Rebeqau
360 942 508 981 oriunda,
530 941 642 974 relicta
656 951 755 973 uxore
769 940 951 973 Hermanni
965 941 1087 973 comitis
1102 941 1140 973 de
1154 941 1281 982 Biuyen
1301 941 1460 982 (Poiqen),
1484 941 1614 982 eiusque
1627 941 1695 981 filio
1709 942 1793 974 Her-

140 1003 257 1025 mamno
272 993 396 1025 iuniore
411 994 519 1026 comite
534 993 572 1025 de
586 992 705 1034 Poiyen
720 1003 805 1025 anno
822 994 906 1024 1144
917 992 1106 1034 fundatum,
1130 993 1281 1031 dotatum,
1301 992 1465 1025 monachis
1479 993 1641 1025 duodecim
1655 993 1794 1034 regulam

140 1055 166 1077 s.
181 1044 346 1077 Benedicti
365 1045 522 1085 professis
547 1047 577 1077 et
602 1056 618 1077 e
644 1044 834 1077 monasterio
856 1044 889 1077 S.
905 1044 1070 1076 Lamberti
1096 1045 1133 1076 in
1154 1044 1267 1086 Styria
1289 1045 1407 1076 vocatis
1430 1045 1585 1076 traditum
1607 1047 1666 1084 est,
1695 1056 1794 1086 quare

140 1096 198 1129 boc
219 1097 397 1129 coenobium
418 1097 463 1128 ad
484 1097 518 1129 S.
535 1096 738 1128 Lambertum
760 1096 796 1128 in
817 1096 956 1128 Austria
978 1095 1138 1135 Inferiore
1160 1099 1305 1128 vocatum
1327 1098 1381 1128 est.

244 1147 429 1189 Necroloyia
457 1148 554 1180 huius
582 1148 702 1180 cenobii
726 1150 850 1179 vetusta
875 1148 994 1179 nostris
1020 1147 1183 1187 deperdita
1204 1151 1281 1180 sunt
1304 1148 1502 1188 temporibus.
1546 1148 1667 1180 Exstat
1689 1151 1795 1180 tamen

141 1199 178 1231 in
199 1199 378 1231 bibliotheca
392 1199 636 1240 Altenburqensi
656 1199 751 1232 codex
772 1199 960 1231 chartaceus
981 1209 1061 1231 saec.
1078 1200 1129 1231 18.
1146 1202 1308 1239 eoearatus,
1330 1200 1388 1240 qui
1410 1200 1448 1232 ab
1471 1200 1634 1232 industria
1649 1199 1795 1232 monachi

141 1251 308 1283 cuiusdam
329 1250 588 1292 Altenburyensis
614 1251 701 1283 circa
727 1261 848 1283 annum
871 1252 955 1282 1760
972 1250 1137 1292 profectus
1163 1253 1208 1282 est
1235 1253 1264 1282 et
1290 1250 1348 1282 sub
1374 1251 1462 1291 siyno
1485 1250 1566 1289 VII,
1596 1261 1647 1282 nr.
1664 1251 1728 1282 199
1749 1251 1795 1283 ibi

141 1305 333 1334 asservatur.
368 1303 505 1335 Auctori
519 1303 616 1335 huius
630 1303 818 1345 exemplaris
833 1303 895 1335 duo
909 1302 1085 1344 necroloyia
1099 1302 1260 1341 subfuisse
1274 1303 1431 1341 videntur,
1450 1313 1560 1341 unum,
1576 1305 1614 1335 ut
1627 1303 1795 1335 verisimile

141 1355 195 1392 est,
216 1354 379 1393 vetustius,
401 1354 486 1394 quod
505 1357 597 1386 notas
618 1354 827 1396 necroloyicas
848 1365 870 1386 a
883 1354 1085 1393 fundationis
1105 1357 1239 1394 tempore
1261 1365 1361 1394 usque
1378 1354 1447 1396 fere
1462 1353 1624 1386 saeculum
1639 1354 1793 1386 decimum

141 1405 288 1445 quintum
314 1406 421 1437 exiens
446 1406 604 1438 continuit
631 1409 661 1438 et
687 1417 726 1438 ex
753 1416 815 1446 quo
841 1405 1032 1437 solummodo
1053 1416 1217 1446 perpauca
1245 1406 1390 1444 nomina,
1416 1405 1602 1446 plerumque
1627 1416 1730 1438 unum
1758 1406 1794 1438 in

141 1455 338 1496 singulorum
360 1457 482 1489 dierum
504 1457 650 1489 rubricas
673 1457 900 1498 transscripsit,
930 1456 1065 1489 alterum
1088 1458 1253 1496 recentius,
1276 1458 1311 1489 in
1333 1467 1395 1498 quo
1418 1457 1548 1489 nomina
1570 1457 1794 1499 defunctorum

141 1517 164 1539 a
184 1518 263 1540 saec.
283 1508 333 1540 16.
349 1508 477 1540 ineunte
499 1519 599 1549 usque
620 1509 665 1541 ad
685 1509 752 1541 dies
773 1509 915 1541 auctoris
935 1509 1040 1549 ipsius
1061 1509 1218 1549 descripta
1239 1512 1339 1548 erant,
1362 1519 1443 1549 quae
1464 1509 1649 1541 accuratius
1665 1509 1702 1541 in
1716 1519 1794 1549 opus

141 1570 236 1591 suum
263 1569 377 1592 novum
404 1560 578 1592 transtulit.
631 1560 729 1602 Opere
756 1561 793 1592 in
822 1561 878 1593 boc
904 1560 1076 1600 exemplari
1102 1560 1248 1601 completo
1275 1561 1407 1593 nomina
1436 1564 1569 1601 tempore
1595 1561 1794 1601 subsequenti

142 1610 362 1650 defunctorum
391 1621 412 1643 a
440 1612 588 1643 manibus
614 1610 733 1644 coaevis
762 1612 920 1652 descripta
945 1615 1022 1644 sunt
1049 1615 1078 1644 et
1103 1613 1149 1644 sic
1171 1612 1382 1654 necroloyium
1403 1623 1503 1652 usque
1524 1623 1647 1644 armum
1669 1613 1794 1644 circiter

143 1663 228 1693 1850
250 1663 471 1695 continuatum
493 1666 547 1696 est.

245 1713 472 1755 Necroloyium,
502 1715 587 1755 quod
607 1715 763 1747 ineditum
784 1715 916 1755 repperi,
939 1715 1053 1747 litteris
1075 1715 1311 1748 exscribendum
1336 1716 1447 1747 curavi
1468 1715 1610 1747 minutis.
1658 1714 1794 1746 Gratias

143 1765 263 1798 debitas
289 1765 327 1798 P.
349 1765 484 1798 Ernesto
510 1766 640 1805 Brund,
671 1767 794 1799 custodi
822 1766 1022 1799 bibliothecae
1048 1766 1308 1807 Altenburyensis
1337 1767 1410 1800 bene
1436 1767 1559 1806 merito,
1593 1767 1650 1807 qui
1678 1766 1795 1798 codicis

143 1817 301 1849 eoearandi
322 1817 402 1849 mihi
423 1817 581 1850 licentiam
596 1819 753 1858 permisit,
776 1818 830 1851 hoc
851 1828 973 1859 quoque
995 1818 1059 1852 loco
1081 1829 1148 1860 ayo.

831 1966 1107 2004 IANUARIUS.

271 2027 305 2054 11.
318 2036 382 2054 non.
401 2027 566 2063 Rudolphus
584 2027 644 2062 pbr.
658 2028 687 2054 et
704 2036 739 2054 m.
753 2037 778 2054 n.
793 2036 816 2054 e.

316 2078 380 2097 non.
399 2070 442 2097 Fr.
455 2070 624 2105 Pangratius
642 2069 732 2097 senior
750 2070 811 2104 pbr.
824 2071 854 2097 et
871 2079 906 2097 m.
920 2079 947 2098 n.
961 2079 984 2097 c.

229 2112 304 2139 VIII.
317 2111 354 2139 id.
399 2112 480 2140 Hirso
498 2113 560 2147 pbr.
573 2114 602 2140 et
619 2122 654 2140 m.
668 2122 694 2140 n.
708 2121 731 2139 o.

244 2155 305 2182 VII.
318 2155 356 2182 id.
400 2155 542 2183 Wolferus
560 2164 601 2183 cv.
615 2157 644 2183 et
663 2156 788 2188 Ioannes,
807 2155 843 2182 mi
861 2164 888 2182 n.
902 2164 925 2183 c.

258 2198 305 2225 VI.
318 2198 356 2225 id.
399 2198 483 2226 Vitus
501 2198 561 2233 pbr.
575 2200 605 2226 et
622 2207 658 2226 m.
671 2207 697 2226 n.
711 2207 733 2225 0.

271 2242 303 2268 V.
316 2241 354 2269 id.
397 2242 531 2269 Albertus
549 2250 618 2269 eom.
631 2242 666 2269 de
684 2241 827 2276 Rebegau,
847 2241 948 2275 1426.·)
984 2241 1016 2269 D.
1030 2241 1195 2269 Laurentius
1214 2242 1259 2276 1.¹)
1278 2241 1343 2269 abb.
1356 2251 1382 2269 n.
1395 2251 1416 2269 c.

142 2285 183 2314 10.
258 2285 304 2312 IV.
318 2284 355 2312 id.
399 2285 483 2312 Vitus
501 2285 593 2312 senior
610 2285 671 2319 pbr.
684 2287 714 2312 et
731 2294 766 2312 m.
780 2294 806 2312 n.
819 2293 843 2312 c.

142 2329 183 2356 11.
259 2328 306 2355 111.
319 2328 356 2355 id.
400 2328 582 2355 Marchardus
600 2328 660 2363 pbr.
674 2329 704 2356 et
721 2337 756 2355 m.
769 2337 796 2356 n.
811 2337 833 2355 e.

142 2371 183 2398 12.
271 2372 305 2398 II.
318 2370 356 2397 id.
400 2370 443 2398 Fr.
456 2371 612 2406 Eglolphus
619 2371 644 2405 b)
666 2371 725 2405 pbr.
743 2373 772 2398 et
790 2380 825 2398 m.
839 2380 865 2398 n.
879 2379 901 2397 c.
941 2370 974 2398 D.
987 2370 1135 2397 Udalricus
1153 2370 1217 2397 abb.
1232 2370 1317 2398 Gellia
1335 2370 1473 2405 Mariae.²)
1518 2371 1584 2399 1519
1602 2372 1649 2399 hic
1669 2371 1794 2406 inclytus

451 2414 638 2441 Romanorum
656 2414 809 2449 imperator
826 2413 1036 2440 Maximiliauus
1054 2413 1128 2441 diem
1147 2413 1250 2441 clausit
1270 2415 1431 2441 extremum.

142 2457 183 2484 14.
229 2456 302 2483 XIX.
315 2456 371 2483 kal.
400 2456 571 2484 Leutholdus
589 2457 607 2484 1.
621 2466 647 2484 n.
661 2465 685 2484 c.
720 2457 856 2485 Hem-icus
874 2457 934 2491 pbr.
949 2458 978 2484 et
996 2465 1031 2484 m.
1045 2465 1071 2483 n.
1085 2465 1108 2484 e.

142 2500 184 2527 15.
201 2499 303 2527 xvm.
316 2499 372 2527 kal.
400 2499 468 2527 1290
476 2501 499 2534 ·)
509 2501 530 2534 ⁸)
548 2500 574 2527 d.
588 2500 729 2527 Conradus
747 2500 811 2527 abb.
825 2509 852 2527 n.
867 2508 890 2527 e.

141 2543 184 2570 16.
215 2542 302 2569 XVII.
315 2542 372 2569 kal.
400 2542 483 2569 Vitus
499 2542 561 2577 pbr.
574 2544 603 2570 et
620 2552 656 2570 m.
669 2552 696 2570 n.
710 2552 734 2570 c.

142 2586 184 2613 17.
227 2585 302 2613 xvt.
315 2585 373 2613 kal.
400 2585 468 2613 1328
475 2587 499 2620 ὃ)
509 2586 529 2620 ⁴)
548 2586 573 2613 d.
586 2586 722 2614 Hem-icus
740 2586 804 2613 abb.
818 2595 844 2613 n.
858 2595 881 2613 c.

158 2028 184 2270 509024925'1'?

245 2690 269 2722 Ι)
288 2690 382 2716 Annua
400 2699 417 2715 a
434 2698 515 2715 manu
533 2698 598 2716 saec.
611 2693 649 2716 19.
662 2691 794 2724 appositus
811 2695 854 2716 eet.
959 2690 984 2723 ¹²)
1003 2691 1135 2724 Egolphus
1154 2691 1210 2716 cod.

246 2765 268 2800 ¹)
286 2765 465 2793 1411?—1416
476 2768 524 2792 aut
535 2770 607 2793 1417.
697 2767 718 2800 ²)
738 2766 784 2793 Ob.
796 2775 871 2793 anno
887 2766 944 2799 fere
962 2769 1035 2794 1284.
1124 2767 1145 2799 ⁸)
1163 2766 1304 2793 Hormius
1316 2767 1421 2801 Baryer
1438 2774 1498 2794 eum
1513 2775 1539 2794 a.
1552 2769 1619 2794 1289
1632 2765 1792 2799 defunctum

143 2816 196 2836 esse
212 2809 342 2842 affimat.
448 2810 469 2843 ⁴)
488 2809 597 2844 Burqer
613 2809 686 2835 hunc
704 2809 820 2837 abbatem
837 2819 863 2837 a.
877 2813 943 2837 1327
958 2817 971 2836 e
988 2809 1041 2837 vita
1059 2809 1194 2837 decessisse
1210 2812 1302 2836 censet.

1533 2861 1586 2887 43*
