2150 3178
410 196 678 226 NEGROLOGIUM
695 197 934 226 AUSTRIAOUM
952 196 1086 225 GENTIS
1104 196 1383 224 HABSBURGIOAE
1401 197 1517 225 PRIUS.
1732 200 1792 231 123

170 311 172 314 ,
238 283 279 316 A.
296 284 326 316 d.
347 286 444 326 1351,
473 285 582 317 XVII.
599 285 665 317 kal.
681 284 873 318 Decembris
901 284 952 316 ob.
976 284 1013 316 d·
1033 284 1180 316 Iohanna
1207 284 1335 316 ducissa
1363 284 1495 316 Austrie
1524 287 1600 325 etc„
1631 284 1664 316 in
1691 284 1795 326 Phyrt

136 335 268 378 quidem
289 336 401 378 genita
410 335 446 379 ¹),
469 336 552 379 h(ic)
560 337 588 379 ⁸)
610 347 688 369 vero
712 336 848 379 sepulta.

237 388 278 419 A.
295 388 326 420 d.
345 390 427 421 1362
451 392 567 431 quarto
590 389 643 431 yd.
659 388 851 421 Decembris
874 388 925 421 ob.
943 388 1009 420 dux
1032 387 1063 420 d.
1079 387 1243 420 Fridricus
1253 388 1292 430 2),
1315 388 1358 420 fil.
1376 387 1556 420 fundatoris
1578 389 1617 420 ni.

237 440 323 472 Item
346 450 375 472 a.
392 440 422 472 d.
442 442 534 482 1365,
557 441 623 473 kal.
639 441 780 483 Augusti
789 440 816 483 ⁸)
840 440 892 473 ob.
916 440 983 472 dux
1005 439 1196 479 Ruedolfus,
1222 439 1457 481 primogenitus
1479 439 1669 472 fundatoris.

105 503 117 522 ⁵
238 491 278 524 A.
295 491 327 523 d.
347 493 443 533 1373,
473 492 568 524 XIII.
584 493 648 525 kal.
666 492 818 525 Octobris
845 492 898 524 ob.
921 491 957 523 da
979 491 1149 524 Elizabeth
1178 491 1305 523 ducissa
1332 491 1463 523 Austrie
1488 494 1565 532 etc.,
1594 491 1795 524 nobilissima

105 565 109 568 -
134 543 200 576 filia
221 543 427 585 imperatoris
448 544 573 585 Karnli,
596 545 648 577 hic
672 545 808 587 sepulta.

236 595 278 627 A.
295 595 325 627 d.
345 597 438 637 1386,
461 595 538 628 VII.
554 596 597 628 id.
613 596 688 628 Iulii
711 597 762 629 ob.
778 597 928 639 princeps
951 595 981 628 d.
997 595 1195 637 Leupoldus‚
1219 595 1262 626 fil.
1279 594 1459 626 fundatoris
1480 595 1519 627 ni.

237 646 323 679 Item
338 657 367 679 a.
382 647 411 679 d.
426 649 508 680 1380
515 647 555 690 ¹¹),
578 647 636 680 IV.
649 648 715 680 kal.
729 647 930 690 Septembris
937 647 964 689 4)
981 646 1031 679 ob.
1048 647 1198 689 princeps
1214 646 1256 688 d.,
1277 646 1306 678 d.
1319 646 1474 679 Albertus
1491 646 1557 678 dux
1573 647 1704 679 Austrie
1721 649 1794 688 etc„

133 698 177 731 fil.
194 698 348 731 antedicti
372 698 559 731 fundatoris.

89 911 115 930 1⁰
345 899 838 947 NEOROLOGIUM
869 900 1308 947 AUSTRIACUM
1340 899 1583 947 GENTIS

570 973 1107 1021 HABSBURGICAE
1140 970 1358 1020 PRIUS.

323 1085 377 1113 Hic
394 1087 509 1114 notatur
526 1086 661 1115 memoria
679 1087 872 1115 defunctorum
890 1086 1014 1114 omnium
1032 1086 1134 1113 ducum
1153 1086 1266 1113 Austris
1284 1088 1314 1114 et
1332 1094 1426 1113 eorum
1444 1085 1635 1120 heredibus⁰):

238 1137 292 1164 Pro
310 1146 335 1165 a.
349 1138 429 1166 1291:
448 1139 492 1166 ob.
506 1139 532 1166 d.
546 1139 682 1166 Rudolfus
700 1139 886 1166 Rornanorum
904 1147 952 1167 rex
970 1139 1000 1166 in
1018 1138 1155 1166 divisione
1173 1139 1365 1173 apostolorum
1372 1139 1393 1172 ⁶)
1412 1140 1441 1165 et
1459 1140 1503 1165 est
1519 1137 1647 1172 sepultus
1665 1137 1694 1164 in
1711 1137 1794 1172 Spita

134 1179 253 1208 civitate
271 1182 300 1208 et
318 1181 448 1209 fundavit
466 1182 619 1210 claustrum
636 1182 723 1209 mnam
741 1182 770 1209 in
783 1182 875 1210 'I'ulna
887 1182 992 1210 ordinis
1003 1181 1213 1209 Predicatorum
1231 1183 1261 1209 et
1279 1181 1410 1216 regnavit
1427 1181 1461 1208 29
1473 1181 1555 1208 annis
1574 1183 1603 1208 et
1621 1182 1683 1208 erat
1701 1180 1791 1215 primo

89 1231 114 1251 1⁵
133 1230 224 1250 comes
243 1223 277 1250 de
296 1224 486 1259 Habespurch.

236 1267 269 1294 A.
282 1267 308 1294 d.
321 1267 390 1294 1308
411 1268 441 1295 in
465 1268 510 1295 die
529 1269 720 1303 apostolorum
738 1268 865 1304 Philippi
888 1270 917 1295 et
935 1268 1059 1303 Iacobi‘)
1077 1267 1184 1295 occisus
1203 1270 1246 1295 est
1264 1268 1289 1295 d.
1304 1268 1435 1295 Albertus
1454 1276 1471 1294 a
1490 1267 1619 1302 patruele
1638 1276 1695 1300 suo,
1721 1267 1792 1295 duce

133 1309 265 1342 Iohanne,
283 1309 360 1338 dieto
372 1311 467 1345 Alant,
486 1312 535 1346 qui
554 1312 628 1340 idem
642 1312 774 1340 Albertus
793 1314 854 1340 erat
871 1312 909 1339 fil.
922 1311 1042 1347 predicti
1055 1312 1082 1338 di
1094 1311 1205 1339 Rudolfi
1221 1311 1295 1347 regis
1308 1313 1337 1338 et
1350 1313 1449 1346 postea
1462 1312 1522 1338 erat
1535 1310 1642 1337 electus
1654 1310 1685 1337 in
1696 1319 1791 1346 regem

134 1353 321 1380 Romanorum
338 1355 368 1381 et
386 1357 447 1382 erat
465 1355 573 1383 occisus
591 1355 620 1382 in
634 1355 872 1391 Chuengesvelde,
892 1355 940 1382 ubi
958 1364 1031 1383 nunc
1049 1354 1173 1390 positum
1192 1356 1235 1382 est
1254 1354 1344 1382 maius
1362 1355 1466 1385 altare;
1486 1353 1534 1388 qui
1553 1353 1686 1381 videlieet
1705 1354 1730 1381 d.
1744 1353 1790 1381 AI-

133 1395 229 1424 bertus
250 1397 279 1423 in
301 1397 362 1432 ipso
385 1397 430 1424 die
453 1398 600 1426 occisionis
621 1407 670 1426 sue
691 1398 807 1433 reliquit
826 1399 859 1426 12
877 1398 979 1426 liberos
998 1398 1177 1433 superstites,
1203 1398 1252 1426 sed
1270 1398 1327 1424 dum
1347 1397 1526 1430 Ruedolfum,
1552 1398 1652 1432 postea
1670 1397 1791 1425 electum

88 1447 114 1467 πο
131 1447 226 1474 regem
238 1439 380 1473 Bohemie,
399 1443 429 1468 et
447 1441 504 1468 dum
517 1441 697 1474 Friderieum,
716 1444 815 1477 postea
827 1442 949 1470 electum
967 1442 996 1468 in
1009 1450 1103 1477 regem
1117 1442 1313 1473 Romanorum,
1334 1443 1363 1468 et
1378 1441 1423 1468 d⁰⁸
1435 1440 1616 1475 Leupoldum,
1636 1440 1790 1474 Albertum,

132 1482 297 1511 Enim-icum
318 1485 349 1511 et
366 1483 506 1517 ottonem,
526 1485 610 1513 duces
630 1485 749 1518 Austris,
768 1494 876 1514 necnon
895 1486 947 1518 du,
965 1485 1020 1512 dun
1038 1486 1176 1520 Agnetem
1196 1484 1324 1520 reginam
1342 1483 1477 1520 Ungarie,
1495 1484 1633 1518 Elyzabet
1652 1484 1791 1511 ducissam

131 1525 325 1562 Lothoringie,
350 1527 460 1555 Annam
483 1527 623 1556 ducissam
645 1528 826 1562 Bratislavie,
851 1528 1036 1556 Katherinam
1059 1527 1198 1556 ducissam
1222 1527 1366 1561 calabrie,
1394 1527 1537 1555 Ieuttham
1560 1526 1732 1554 comitissam
1756 1528 1791 1555 de

131 1568 274 1604 Oettinga,
293 1571 322 1597 et
340 1570 415 1598 idem
432 1571 458 1598 d.
473 1571 604 1599 Albertus
622 1573 749 1607 sepultus
767 1574 811 1599 est
828 1572 858 1599 in
877 1572 959 1607 Spita
977 1574 1007 1599 et
1024 1571 1156 1599 fundavit
1175 1571 1322 1599 cenobium
1342 1571 1370 1597 in
1390 1570 1593 1598 Herwortstain
1612 1571 1642 1598 et
1660 1570 1791 1606 regnavit

131 1612 166 1640 10
183 1612 272 1640 annis.

87 1663 112 1683 25
234 1657 267 1684 A.
280 1657 306 1684 d.
320 1657 415 1691 1314⁷)
438 1657 468 1684 in
490 1657 534 1684 die
553 1659 744 1693 apostolorum
763 1658 890 1693 Symonis
913 1660 942 1686 et
959 1658 1026 1686 Iude
1049 1658 1094 1685 ob.
1113 1657 1146 1684 d·
1163 1657 1322 1692 Elyzabeth
1342 1657 1529 1684 Romanorum
1552 1657 1660 1692 regina,
1687 1657 1746 1684 filia
1763 1658 1790 1685 d¹

131 1699 290 1727 Moinhardi
302 1699 381 1728 ducis
394 1701 550 1734 Karinthie,
568 1701 670 1730 relicta
681 1701 786 1737 prefati
798 1701 825 1728 di
835 1701 947 1729 Alberti
958 1701 1041 1737 regis,
1058 1701 1184 1736 genitrix
1196 1702 1226 1728 et
1238 1706 1278 1727 mr
1291 1700 1441 1728 liberorum
1455 1700 1578 1727 omnium
1591 1700 1790 1735 predictorum.

129 1742 171 1770 De
189 1743 334 1770 voluntate
353 1745 382 1771 et
400 1743 541 1772 adiutorio
559 1745 709 1773 eorundem
726 1744 857 1772 fundavit
875 1746 904 1772 et
923 1744 1032 1772 dotavit
1050 1744 1079 1771 in
1098 1744 1159 1771 loco
1176 1743 1326 1771 occisionis
1339 1742 1461 1778 predicti
1473 1743 1548 1779 regis
1560 1743 1615 1771 duo
1627 1745 1715 1771 monia
1727 1744 1791 1771 frum

130 1785 276 1817 Minorum,
294 1792 377 1813 serm
395 1787 501 1814 ordinis
519 1797 539 1815 S.
554 1787 635 1816 Clare
653 1796 709 1815 una.
727 1797 790 1815 cum
809 1788 893 1815 choro
912 1789 941 1814 et
959 1787 1079 1815 ecclesia
1098 1789 1127 1815 et
1145 1786 1210 1814 aliis
1228 1786 1346 1814 edificiis
1363 1786 1500 1814 universis
1518 1786 1548 1813 in
1561 1786 1791 1822 Chuengesvelde

130 1830 160 1856 et
177 1828 283 1856 ibidem
302 1831 345 1857 est
363 1830 483 1865 sepulta.

87 1879 112 1898 ao
234 1873 267 1899 A.
280 1871 306 1900 d.
320 1872 387 1901 1307
409 1873 438 1900 in
460 1873 506 1901 die
524 1883 545 1901 s.
558 1874 684 1902 Udsslrici
703 1874 748 1909 epi
766 1875 810 1902 ob.
823 1874 849 1902 d.
863 1874 999 1902 Rudolfus
1021 1882 1069 1901 rex
1087 1872 1231 1904 Bohemie,
1259 1873 1297 1901 fil.
1309 1872 1383 1908 regis
1403 1873 1526 1905 Alberti,
1550 1875 1579 1900 et
1602 1874 1645 1900 est
1663 1873 1791 1908 sepultus

133 1914 163 1942 in
181 1914 280 1950 Prags..

235 1958 268 1986 A.
281 1959 307 1986 d.
322 1958 389 1986 1326
412 1960 504 1994 pridie
524 1961 581 1988 kal.
594 1961 694 1989 Marcii
717 1961 761 1989 ob.
778 1961 804 1988 d.
819 1961 978 1996 Leupoldus
1000 1960 1056 1988 dux
1074 1959 1186 1988 Austrie
1210 1961 1239 1987 et
1258 1959 1343 1987 Stirie
1367 1961 1397 1987 et
1420 1961 1463 1987 est
1483 1959 1611 1994 sepultus
1634 1958 1664 1986 in
1684 1959 1789 1987 Chuen-

131 2001 271 2036 gesvelde.
1399 2034 1401 2036 Ι

236 2047 268 2074 A.
280 2046 306 2074 d.
321 2046 387 2074 1327
405 2046 435 2074 in
452 2047 499 2074 die
516 2057 538 2074 s.
551 2046 640 2074 Blasii
658 2046 702 2075 ob.
715 2047 742 2074 d.
754 2046 904 2074 Hainricus
922 2046 977 2073 dux
990 2045 1103 2074 Austrie
1121 2048 1151 2073 et
1163 2045 1247 2073 Stirie
1266 2047 1295 2073 et
1313 2046 1357 2073 est
1370 2045 1496 2080 sepultus
1509 2044 1538 2071 in
1551 2044 1790 2080 Chuengesvelde.

87 2093 112 2114 85
234 2090 268 2116 A.
280 2089 306 2117 d.
321 2089 389 2118 1330
405 2090 436 2117 in
453 2092 555 2117 octava
573 2090 734 2125 epiphanye
756 2090 800 2117 ob.
817 2090 842 2117 d.
855 2089 1013 2117 Fridericus
1030 2089 1217 2116 Romanorum
1234 2097 1294 2121 rex,
1320 2088 1369 2122 qui
1387 2087 1518 2115 fundavit
1536 2096 1608 2115 mon.
1626 2087 1655 2115 in
1673 2088 1790 2116 Mawer-

132 2131 213 2164 bach,
233 2134 262 2159 et
280 2132 386 2160 ibidem
403 2136 447 2161 est
465 2133 592 2168 sepultus
611 2134 640 2160 et
658 2133 701 2161 ob.
714 2132 743 2159 in
762 2132 949 2160 Guetenstain
966 2134 996 2160 et
1013 2131 1143 2167 regnavit
1161 2132 1178 2159 5
1197 2131 1284 2159 annis.

234 2176 266 2202 A.
278 2175 304 2203 d.
319 2175 387 2203 1330
404 2176 433 2203 in
452 2175 498 2203 die
516 2185 537 2203 s.
549 2176 709 2211 Margarete
726 2175 845 2211 virginis
863 2176 907 2203 ob.
921 2176 953 2202 da
970 2175 1138 2210 Elyzabeth‚
1165 2175 1223 2202 filia
1242 2175 1317 2209 regis
1335 2173 1490 2210 Arroganie
1508 2182 1542 2201 ac
1560 2173 1635 2208 regis
1654 2174 1789 2202 Friderici

131 2219 342 2252 comburant-ad),
361 2228 415 2253 que
433 2220 495 2247 erat
512 2218 642 2247 totaliter
660 2227 727 2246 ceca
744 2227 795 2253 per
811 2226 859 2246 sex
877 2227 964 2246 annos
983 2220 1049 2246 ante
1068 2218 1186 2250 obitum,
1204 2220 1234 2246 et
1253 2220 1296 2245 est
1315 2218 1429 2252 sepulta.
1442 2217 1562 2244 Wienne
1580 2217 1608 2244 in
1627 2217 1709 2245 domo
1725 2217 1789 2244 frum

131 2261 276 2289 Minorum.

85 2310 112 2330 4⁰
235 2306 267 2332 A.
280 2305 307 2333 d.
321 2305 396 2337 1339,
414 2304 489 2332 XIV.
502 2304 558 2332 kal.
571 2304 668 2332 Martii
676 2305 698 2339 ³)
716 2304 759 2332 ob.
772 2305 798 2332 d.
812 2305 880 2332 Otto
898 2304 954 2331 dux
972 2303 1091 2335 Austrie‚
1110 2302 1203 2338 Styrie
1222 2305 1252 2331 et
1271 2302 1421 2331 Karinthie
1440 2305 1469 2330 et
1486 2302 1617 2330 fundavit
1636 2303 1788 2330 claustrum

131 2347 310 2382 eriseommo)
328 2353 422 2375 morum
440 2348 471 2375 in
490 2348 569 2375 Novo
587 2348 683 2375 Monte
701 2349 731 2375 et
747 2347 854 2375 ibidem
873 2349 916 2375 est
933 2347 1069 2382 sepultus.

234 2392 267 2418 Α.
280 2391 306 2418 d.
321 2391 388 2419 1330
406 2391 435 2418 in
453 2391 498 2419 die
516 2390 747 2419 annunciacionis
765 2399 785 2418 s.
798 2390 886 2418 Maris
905 2390 1022 2425 virginis
1044 2390 1088 2417 ob.
1106 2389 1139 2416 d*
1156 2389 1312 2424 Elyzabeth
1335 2389 1447 2416 ducissa
1466 2389 1591 2423 Austrie‚
1615 2389 1788 2417 conthuralis

132 2434 158 2461 di
171 2434 284 2462 Ottonis
296 2434 399 2469 prefati
417 2434 497 2462 ducis
509 2434 621 2462 Anstrie
633 2442 740 2461 necnon
758 2435 788 2461 et
804 2433 864 2460 filia
875 2433 1013 2468 Stephani
1025 2433 1103 2460 ducis
1116 2432 1244 2466 Babarie‚
1263 2432 1293 2459 in
1311 2432 1414 2466 fibriss)
1433 2434 1462 2460 et
1481 2434 1524 2459 est
1537 2432 1649 2467 sepulta
1667 2432 1696 2459 in
1708 2432 1789 2459 Novo

131 2477 226 2505 Monte
249 2479 279 2505 et
300 2478 399 2513 genuit
421 2478 490 2505 duos
507 2477 592 2510 filios,
617 2477 749 2505 videlicet
768 2477 866 2504 ducem
885 2475 1068 2508 Fridericum,
1093 2475 1141 2510 qui
1160 2478 1243 2503 natus
1262 2478 1304 2503 est
1323 2484 1348 2503 a.
1361 2475 1387 2503 d.
1402 2475 1470 2502 1327
1488 2475 1643 2503 Scolastice
1662 2475 1788 2510 virginis,

87 2525 113 2545 45
132 2522 162 2548 et
180 2520 278 2548 ducem
297 2521 478 2556 Leupoldum,
497 2521 546 2555 qui
564 2522 648 2548 natus
665 2522 709 2547 est
726 2529 751 2548 a.
765 2521 790 2547 d.
806 2520 880 2548 1328.

234 2633 259 2667 Ι)
283 2633 338 2660 Vox
359 2634 425 2668 folio
446 2639 540 2661 resecto
561 2635 661 2660 mutila.
774 2633 800 2666 b)
819 2634 950 2660 Numer-m
971 2634 1037 2668 folio
1060 2634 1177 2660 mutilato
1200 2634 1285 2659 laesus
1306 2637 1349 2659 est.
1466 2632 1489 2665 0)
1510 2631 1628 2665 corrige:
1655 2631 1786 2657 heredum.

132 2675 158 2710 d)
176 2677 336 2703 canthus-alis
354 2678 408 2704 cod.
514 2677 538 2710 θ)
558 2677 676 2711 Corriye:
693 2679 844 2711 griseorum.
950 2676 970 2709 s)
990 2677 1107 2711 Gon-5912.-
1125 2677 1199 2703 febri.

237 2745 258 2778 ¹)
278 2743 356 2771 Fata
373 2744 461 2771 [πη-οι·
472 2743 506 2771 ae
518 2744 598 2778 Part.
704 2745 725 2778 ²)
743 2743 782 2771 In
798 2743 938 2771 venatione
955 2752 974 2770 a
991 2743 1098 2771 donum
1114 2743 1146 2769 ae
1157 2742 1305 2777 Pooendorf
1318 2742 1426 2769 aecem.
1533 2742 1555 2776 8)
1578 2741 1624 2770 ob.
1639 2741 1722 2769 XVI.
1733 2741 1788 2769 kal.

132 2786 258 2821 Augusti.
355 2786 377 2821 ι)
395 2787 518 2814 Aumus
529 2786 590 2814 111.
602 2786 641 2814 ob.
655 2785 940 2820 1X.kal.Septembae-i⁸
952 2789 1020 2813 1396.
1118 2787 1140 2820 ⁸)
1159 2785 1279 2813 XVIII.
1288 2785 1341 2813 kat.
1353 2786 1473 2820 Amasti
1486 2789 1557 2813 1291.
1655 2786 1676 2818 ο)
1695 2784 1789 2812 Aum-

88 2836 114 2856 ao
131 2831 175 2856 tus
193 2829 217 2856 I.
235 2829 335 2857 occisus
351 2828 472 2856 hamc
490 2829 569 2857 Maii.
675 2830 698 2863 ⁷)
717 2828 762 2857 ob.
776 2838 802 2857 a.
814 2832 886 2857 1313.
992 2830 1014 2863 ⁸)
1033 2828 1079 2857 ob.
1094 2829 1186 2856 XIII.
1197 2828 1250 2856 kal.
1263 2829 1363 2856 Martii
1381 2831 1454 2856 1339.

1528 2880 1580 2906 16⁸
