2150 3178
134 373 177 400 14.
221 372 294 400 XIX.
305 372 364 399 kal.

133 475 174 502 15.
191 473 292 500 XVIII.
306 472 362 500 kal.

133 629 175 655 16.
206 627 295 654 XVII.
307 627 364 654 kal.

134 834 175 861 17.
222 832 294 860 XVI.
307 832 364 859 kal.

133 1125 174 1153 18.
234 1124 294 1151 XV.
306 1125 363 1152 kal.

134 1229 175 1256 19.
221 1220 363 1256 x1v.ka'1.

132 1383 175 1412 20.
219 1383 294 1410 XIII.
307 1382 364 1410 kal.

132 1572 175 1600 21.
234 1571 294 1599 XII.
307 1571 364 1599 kal.

134 1718 176 1746 22.
249 1718 295 1744 XI.
309 1717 366 1745 kal.

133 1915 176 1943 23.
261 1916 294 1944 X.
305 1916 363 1943 kal.

131 2111 175 2140 24.
246 2112 294 2140 IX.
307 2112 364 2140 kal.

547 184 812 212 NECROLOGIUM
829 183 1041 211 MONIALIUM
1062 183 1371 212 GOTTVICENSIUM.
1723 187 1786 217 463

391 275 418 302 S.
431 274 494 302 LE.
513 271 721 312 Margaretha
748 270 810 302 m¹¹⁸
837 271 870 302 in
897 270 1084 312 Newburga
1110 270 1290 302 claustrali.
1337 274 1460 302 Cristina
1482 275 1517 302 de
1540 274 1622 302 Stain
1645 283 1700 302 sor.
1716 284 1745 302 n.
1762 283 1787 303 c.

463 343 469 349 .
483 322 559 348 1515.

392 370 432 397 M.
442 331 492 396 21.
512 365 683 406 Philippus
706 365 809 406 pictor
832 365 852 396 l.
898 370 1039 397 Iohannes
1063 379 1120 397 sae.
1137 372 1166 398 et
1189 367 1285 405 (m.)⁵)
1301 380 1338 398 m.
1355 371 1383 398 h.

391 421 420 448 S.
434 419 495 447 LE.
516 415 738 458 Chunigundis
761 427 823 447 sor.
840 427 870 447 11.
888 427 914 448 c.

389 471 491 499 M.L1.
511 467 564 499 Fr.
581 467 751 499 Oswaldus
774 467 815 499 de
833 467 925 499 Cella
940 468 1053 500 Marie.
1091 468 1144 500 Fr.
1162 468 1331 500 Udalrieus
1352 479 1398 500 cv.
1416 480 1445 501 n.
1463 479 1489 500 o.
1527 468 1689 500 Iohannes
1705 467 1787 509 prof.

442 520 475 551 in
498 519 638 551 Mellioo.
683 518 806 550 Paulus
829 529 876 551 cv.
893 520 926 550 in
949 519 1150 562 Saltzpurga.

393 575 422 603 S.
432 574 493 601 LE.
514 570 735 612 Ghunigundis
757 581 820 602 sor.
837 581 866 602 n.
885 581 911 602 c.

391 626 492 654 M.LI.
512 622 669 654 Martinus
690 622 760 663 pbr.
783 625 816 654 et
839 633 880 654 m.
898 633 927 654 n.
945 633 972 653 ο.
1016 623 1153 654 Alexius
1176 623 1245 664 pbr.
1269 625 1301 655 et
1324 634 1366 654 m.
1389 623 1430 655 de
1454 623 1588 666 Altheb)
1613 623 1788 664 Superiori.

441 674 494 705 Fr.
516 673 737 705 Orisstofferus
766 673 837 715 pbr.
862 676 895 705 et
921 684 963 705 m.
987 673 1027 705 de
1056 674 1169 706 Scotis.
1221 674 1260 706 D.
1282 674 1438 706 Martinus
1461 674 1619 706 Haemerl
1645 673 1732 716 pleb.
1755 674 1789 704 in

442 724 652 757 Rabenstain.
698 724 855 756 Martinus
878 725 1047 766 supprior„
1072 725 1141 766 pbr.
1159 728 1192 756 et
1214 736 1255 757 m.
1273 726 1306 757 in
1328 725 1467 758 Mellico.

390 779 418 807 S.
430 780 494 807 LE.
514 777 610 808 Anna
632 786 694 807 sor.
710 786 740 807 n.
757 786 784 807 e.

393 832 493 859 MLI.
512 828 552 859 D.
574 827 688 859 Gallus
713 827 786 859 abb.
811 827 851 859 de
877 827 1023 869 Scotis.²)
1071 828 1111 859 D.
1133 828 1294 859 Iohannes
1320 828 1393 860 abb.
1418 828 1459 860 de
1486 828 1612 870 Oellec)
1622 828 1651 871 2)
1674 828 1787 860 Marie.

441 880 527 921 Mag.
544 879 717 911 Heinricus
744 879 907 921 quondam
935 880 1008 911 abb.
1029 880 1062 911 in
1090 880 1127 911 8³
1147 880 1294 922 Oruce.³)
1343 880 1396 911 Fr.
1409 880 1636 922 Wolffgangus
1664 891 1733 912 can.
1756 884 1790 912 et

440 931 511 973 pbr.
536 930 577 962 de
606 930 793 973 Newburga
823 930 1004 963 Claustrali.
1061 931 1202 973 Ioriusd)
1236 931 1305 972 pbr.
1332 934 1364 963 et
1397 942 1439 963 m.
1465 932 1787 974 dessSeyttensteten.

442 981 558 1009 Iodocus
568 981 745 1009 Vorstfirmer
757 982 818 1016 pbr.
829 984 858 1009 et
870 991 905 1009 m.
917 991 942 1009 n.
953 991 977 1009 c.
1009 983 1051 1009 Fr.
1061 982 1173 1009 Maurus
1186 983 1247 1016 pbr.
1258 984 1287 1010 et
1299 992 1334 1009 111.
1344 982 1373 1009 in
1382 982 1572 1018 Altnburgkh.
1603 983 1647 1010 Fr.
1658 983 1788 1010 Matheus

440 1025 474 1052 de
493 1025 634 1052 Mannsee.

390 1072 417 1099 S.
430 1072 491 1099 LE.
511 1068 620 1100 Iudita
643 1079 705 1100 sor.
722 1079 752 1100 n.
769 1079 795 1100 c.
841 1068 1036 1110 Warbarae)
1060 1069 1152 1110 prof²
1175 1068 1218 1100 ad
1241 1068 1302 1100 Sum
1318 1068 1473 1101 Iacobum
1489 1069 1638 1101 WVienne.

391 1124 492 1151 M.L1.
512 1120 565 1152 Fr.
583 1120 880 1162 Wartholomeus‘)
908 1120 977 1162 pbr.
1000 1123 1033 1152 et
1059 1131 1100 1152 m.
1117 1131 1147 1151 n.
1165 1131 1191 1152 c.
1236 1120 1385 1152 Andreas
1412 1120 1480 1162 pbr.
1503 1123 1536 1152 et
1563 1131 1605 1152 m.
1627 1121 1659 1152 in
1687 1120 1788 1152 Altha

442 1171 600 1204 Inferiori.
635 1171 687 1204 Fr.
702 1172 845 1203 Thomas
864 1172 934 1213 pbr.
953 1174 986 1203 et
1000 1182 1042 1203 m.
1061 1172 1102 1204 de
1118 1172 1247 1203 Melico.
1285 1171 1424 1204 Iacobus
1439 1172 1521 1214 prof.
1539 1172 1579 1204 de
1596 1171 1633 1204 8⁰
1645 1171 1788 1214 YpolIto.

391 1227 494 1254 M.LI.
514 1223 566 1255 Fr.
584 1223 781 1261 Wilhelmus
803 1223 844 1255 de
866 1222 1061 1265 Newburga.
1107 1223 1315 1255 Sebastianus
1338 1224 1407 1265 pbr.
1426 1226 1459 1255 et
1481 1234 1523 1255 m.
1540 1225 1572 1255 in
1592 1224 1787 1266 Ebersperg.

442 1274 570 1307 Ulricus
593 1285 640 1307 ov.
656 1276 688 1306 in
713 1274 804 1307 Cella
827 1275 939 1307 Marie.

389 1330 416 1357 S.
431 1330 494 1357 LE.
514 1327 610 1358 Anna
632 1326 919 1358 Mitterndorfferin
941 1337 1004 1358 sor.
1021 1337 1050 1358 n.
1068 1337 1095 1358 c.
1120 1333 1122 1337 ’

391 1381 493 1409 MLI.
513 1378 565 1410 Fr.
582 1378 700 1410 Petrus
729 1378 798 1420 pbr.
823 1381 856 1410 et
882 1389 924 1410 m.
945 1389 975 1410 n.
997 1389 1024 1410 c.
1074 1378 1235 1410 Iohannes
1263 1378 1304 1410 de
1332 1377 1368 1409 S0
1388 1379 1564 1420 Lamperto
1593 1378 1662 1420 pbr.
1685 1381 1718 1410 et
1746 1389 1787 1409 m.

443 1430 605 1462 Steffanus
619 1430 689 1472 pbr.
707 1433 740 1462 et
755 1440 798 1462 m.
816 1430 856 1461 de
872 1429 973 1462 Altha
989 1430 1147 1462 Inferiori.
1187 1434 1255 1462 Rev.
1268 1435 1295 1462 d.
1309 1430 1561 1472 Bartholomeus4)
1578 1434 1642 1461 abb.
1659 1444 1687 1461 n.
1701 1430 1788 1462 monii

444 1490 469 1509 a.
482 1481 508 1508 d.
522 1481 598 1509 1541.

391 1524 418 1552 S.
431 1524 494 1552 LE.
513 1524 640 1552 Elizabet
658 1533 710 1551 sor.
722 1533 749 1551 n.
762 1533 785 1551 e.
799 1529 856 1551 ον.

393 1572 433 1599 Μ.
443 1571 492 1599 LI.
513 1568 566 1600 Fr.
574 1568 711 1601 Iacobus
723 1568 886 1610 subdyac.,
900 1579 943 1601 m.
955 1580 985 1600 n.
997 1579 1023 1600 c.
1054 1567 1237 1610 Stephanus
1249 1568 1318 1610 pbr.
1331 1572 1364 1600 et
1375 1579 1417 1600 m.
1428 1569 1460 1600 in
1473 1568 1787 1609 Krempsmuenster.

442 1619 510 1646 Rev.
524 1619 549 1647 d.
563 1615 771 1654 Wollffgarigus
790 1628 869 1654 ppos.
882 1619 913 1646 in
932 1619 1166 1653 Herttzogewurg
1183 1627 1207 1645 a.
1222 1619 1247 1646 (1.
1264 1620 1339 1646 1541.

390 1666 417 1694 S.
431 1666 492 1693 LE
513 1663 652 1695 Gristina
675 1674 737 1695 sor.
754 1674 784 1695 n.
802 1673 829 1695 ο.
874 1663 1031 1695 Katerina
1053 1663 1089 1694 1⁵.

393 1717 493 1745 M.LI.
514 1714 567 1746 Fr.
584 1715 723 1747 Iacobus
746 1715 816 1756 pbr.
839 1718 872 1747 et
894 1725 936 1746 m.
953 1725 983 1746 n.
1001 1725 1027 1746 e.
1073 1714 1113 1746 D.
1130 1714 1292 1746 Iohannes
1314 1714 1496 1756 Medlinger
1518 1714 1587 1755 pbr.
1610 1716 1643 1746 et
1666 1724 1735 1745 ean.
1756 1714 1788 1744 in

441 1765 676 1808 Hertznburga.
729 1771 798 1814 Rey.
822 1771 850 1798 d.
866 1771 1075 1806 Wollffgangus
1105 1779 1186 1805 ppos.
1213 1770 1286 1805 apud
1315 1770 1411 1797 divum
1438 1770 1580 1797 Andream
1610 1779 1636 1797 a.
1659 1770 1686 1796 d.
1711 1769 1787 1797 1541.

441 1817 506 1844 Ians
524 1817 644 1844 Pescher
661 1817 727 1844 fam.
740 1817 833 1844 mnam,

389 1863 416 1890 S.
430 1863 492 1891 LE.
514 1860 582 1893 Sor.
599 1861 762 1893 Veronica
785 1861 827 1892 ad
851 1860 910 1892 ΒΨ
925 1861 1063 1893 Mariam
1086 1860 1316 1902 Magdalenam
1334 1859 1484 1892 Wienne.

392 1915 494 1942 M.LI.
514 1912 676 1944 Iohannes
703 1912 774 1954 pbr.
795 1915 829 1944 et
851 1923 892 1944 m.
914 1912 956 1944 de
979 1912 1120 1944 Mellico.
1166 1911 1334 1944 conradus
1361 1911 1430 1953 pbr.
1454 1914 1486 1943 et
1508 1922 1550 1943 m.
1574 1910 1614 1943 de
1638 1910 1788 1952 Seytten-

442 1965 557 1996 steten.
610 1963 728 1996 Petrus
755 1964 837 2006 prof.
859 1964 901 1996 ad
924 1963 985 1996 Sum
1000 1964 1202 2006 Yppolitum.
1251 1967 1340 1994 Adam
1370 1967 1432 2002 pbr.
1449 1969 1478 1995 et
1500 1977 1537 1994 m.
1557 1967 1588 1994 in
1611 1967 1787 2001 Saltzpurga.

441 2014 474 2041 D.
487 2013 668 2042 Sebastianus
687 2015 721 2042 de
734 2015 937 2050 Wasserburga
955 2015 1019 2042 abb.
1035 2024 1061 2041 n.
1076 2023 1098 2042 c.
1113 2023 1137 2042 a.
1153 2014 1219 2042 1516
1238 2014 1281 2040 ob.

390 2061 418 2088 S.
431 2061 492 2089 LE.
512 2058 693 2090 Benedicta
716 2069 778 2091 sor.
795 2070 825 2091 n.
843 2069 869 2091 c.
915 2059 1041 2091 Iuliana
1064 2058 1217 2090 Zimerlin
1240 2062 1292 2089 ον’
1315 2068 1345 2089 n.
1363 2067 1389 2089 o.

392 2112 493 2140 MJJ.
513 2110 707 2152 Lampertus
729 2110 799 2152 pbr.
817 2113 850 2142 et
872 2121 914 2142 m.
931 2122 961 2142 n.
978 2121 1005 2143 0.
1050 2110 1103 2142 Fr.
1120 2110 1273 2141 Placidus
1295 2109 1365 2151 pbr.
1387 2111 1419 2141 et
1440 2108 1522 2150 prof.
1542 2108 1575 2140 in
1598 2108 1787 2150 Tegense.⁸)

445 2159 623 2187 Leonhardus
641 2161 702 2195 pbr.
716 2162 745 2188 et
763 2170 798 2188 m.
811 2170 838 2188 n.
851 2170 874 2188 c.

391 2206 418 2233 S.
431 2206 494 2234 LE.
515 2203 694 2236 Gerdrudis
715 2204 900 2246 Haslpekin
922 2215 985 2237 sor.
1001 2215 1030 2236 n.
1048 2215 1075 2236 c.

133 2258 176 2286 25.
219 2258 295 2285 VIII.
308 2258 365 2285 kal.
386 2258 487 2286 MLI.
508 2255 690 2297 RudolffUS‚
712 2256 910 2298 Bonifaeius,
934 2256 988 2288 fr⁹⁸
1011 2267 1040 2288 n.
1058 2267 1085 2288 o.
1131 2260 1305 2288 Lienhardus
1328 2259 1406 2294 prior
1428 2259 1462 2287 de
1485 2259 1653 2294 Altenburg.

132 2412 176 2440 26.
234 2412 295 2439 VII.
309 2412 366 2440 kal.

390 2309 416 2336 S.
431 2309 495 2337 LE.
515 2306 696 2350 Lyegardis
725 2318 787 2340 sor.
808 2319 839 2340 n.
859 2318 886 2340 c.
936 2308 1083 2350 Benigna
1105 2307 1301 2340 Pueehlerin
1327 2318 1389 2339 sor.
1410 2317 1440 2338 n.
1462 2316 1488 2338 c.
1540 2306 1684 2338 Barbara
1706 2306 1787 2338 Rat-

444 2358 527 2390 taler
549 2370 569 2390 n
593 2359 627 2391 1¹.

393 2413 497 2440 M.LI.
517 2369 671 2443 Aylbertus
698 2411 739 2443 de
766 2410 1009 2443 Nidernaltaeh.
1054 2410 1245 2453 Dyepoldus
1268 2420 1309 2441 m.
1327 2420 1357 2441 n.
1375 2419 1401 2441 c.
1447 2409 1636 2442 Leonardus
1659 2409 1787 2442 Kornn-

443 2462 550 2503 pechk
573 2462 593 2494 l.
638 2467 814 2503 Augustinus
837 2467 899 2502 pbr.
916 2469 946 2495 et
967 2477 1005 2495 m.
1022 2467 1057 2495 de
1080 2467 1113 2494 S⁰
1128 2467 1212 2494 Petro
1235 2466 1408 2500 Salisburge.

391 2515 418 2544 S.
432 2516 496 2544 LE.
515 2513 704 2546 Petronella
726 2525 788 2546 sor.
804 2525 834 2546 n.
850 2525 876 2546 0.

237 2640 261 2673 ιι)
279 2650 305 2666 ιιι
323 2642 445 2675 supplevi.
549 2642 575 2675 b)
594 2643 809 2669 Emendandum:
827 2643 913 2669 Altha.
1018 2642 1041 2675 ⁰)
1060 2641 1273 2667 Emendandum:
1291 2642 1372 2668 Cella.
1473 2639 1498 2673 d)
1519 2640 1634 2674 Corri9.:
1651 2642 1786 2675 Georgius.

134 2683 156 2716 θ)
174 2684 192 2710 ἰ.
204 2692 225 2710 e.
238 2684 358 2710 Barbara.

463 2684 483 2717 ἶ)
503 2685 614 2719 (ἴση-ιζ..-
631 2686 836 2712 Bar-tholomeus.
940 2684 966 2719 Β)
985 2685 1199 2711 Emendandum:
1217 2686 1370 2718 Tegernsee.

239 2759 260 2794 ¹)
280 2762 462 2788 1485—1486.
551 2762 572 2795 ²)
590 2761 724 2788 Iohannes
736 2769 770 2789 ex
780 2761 912 2795 Kempten
924 2764 1089 2788 1475—1482
1100 2761 1187 2795 resiq„
1203 2760 1241 2787 ob.
1253 2762 1319 2794 fors.
1333 2763 1406 2794 1486,
1419 2760 1451 2787 de
1463 2760 1506 2787 die
1518 2759 1605 2788 obitus
1619 2760 1786 2788 dissentiunt.

136 2803 156 2836 ὓ)
177 2801 324 2830 Heirm'cus
342 2803 393 2830 IV.
406 2806 471 2831 1435
489 2804 590 2838 electus,
607 2804 648 2831 ob.
661 2808 733 2832 1442.
841 2805 861 2838 ⁴)
880 2803 1103 2830 Bartholomaeus
1120 2803 1279 2830 Sclm'nleben
1298 2807 1471 2831 1532—1541.
