2150 3178
341 175 403 207 120
657 171 873 200 CATALOGUS
891 171 1255 201 ANNIVERSARIORUM
1274 173 1503 202 MONASTERH
1521 174 1548 203 8.
1559 174 1697 204 CBUCIS.

338 261 382 288 23.
468 260 503 288 X.
515 260 573 288 kal.
601 259 641 287 M.
660 259 713 288 Ob.
725 260 758 287 fr.
771 259 909 296 Georgius
926 268 982 288 sac.
998 261 1028 288 et
1045 259 1117 296 prof.

339 305 381 332 24.
453 303 501 331 IX.
514 303 572 331 kal.
599 303 662 331 ΕΡ.
672 303 734 331 ΑΒ.
753 302 806 331 Ob.
817 302 845 331 d.
857 303 922 331 abb.
935 303 1072 340 Georgius
1080 303 1100 338 ¹)
1118 303 1148 331 in
1167 303 1285 332 Hilaria.
1314 303 1350 332 1..
1368 303 1420 332 ob.
1432 313 1507 340 mag.
1520 304 1662 333 lithardus
1679 304 1781 341 pictor,
1798 305 1886 335 fam¹¹.

339 349 382 376 25.
425 347 503 374 VIII.
515 346 572 374 kal.
599 346 634 374 L.
653 345 705 374 Ob.
718 346 814 374 Simon
828 346 962 375 Weltzer.

339 391 383 419 26.
441 390 502 417 vn.
515 389 574 417 kal.
601 389 636 417 L.
654 389 687 416 D¹
704 389 844 425 Stephani
860 389 918 424 (de)
936 389 1102 426 Celkingen.

339 434 382 462 31.
467 434 503 461 11.
514 432 573 460 kal.
601 433 624 460 Ι.
635 432 670 460 R.
688 432 849 468 Leopoldua
865 433 922 461 dux
933 433 1099 468 Austriaes)
1135 433 1187 461 Ob.
1198 433 1333 469 princeps
1344 434 1503 470 Leopoldus
1520 434 1581 463 eius
1598 434 1720 464 nominis
1737 435 1768 464 in
1780 436 2011 472 Babenborgemi

652 476 764 504 familia
780 478 889 510 sextus,
913 478 1101 513 cognomento
1120 477 1282 510 virtuosus,
1306 485 1395 513 nepos
1412 487 1433 506 s.
1449 477 1586 514 Leopoldi
1603 477 1774 512 fundatoris.
1798 479 1936 508 secundus
1953 479 2011 508 dux

653 519 797 553 Austriae.
821 519 1007 548 Ptolomaidis
1025 522 1214 557 expugnator,
1239 520 1268 548 in
1287 520 1415 556 capitulo
1440 521 1521 550 mou¹¹
1542 522 1578 555 uf,
1604 521 1684 550 cuius
1706 521 1827 551 eximius
1847 522 2012 552 benefactor

653 563 721 597 fuit,
744 563 873 599 sepultus
895 572 921 592 a.
935 563 1046 599 11981).
1071 566 1223 600 postquam
1245 573 1326 592 sacro
1348 563 1456 592 ordinis
1477 565 1506 592 nl
1523 564 1626 594 habitu
1647 564 1740 594 adbuc
1762 565 1794 594 in
1816 565 1878 595 vita
1894 565 2011 595 indutus

653 606 762 635 fuisset.
798 606 908 635 Attulit
925 615 1028 640 secum,
1046 616 1109 635 oum
1123 607 1216 643 prima
1231 607 1292 636 vioe
1311 607 1346 635 de
1357 606 1446 636 Terra
1457 607 1563 636 Sancta
1576 608 1689 642 rediret.
1706 616 1839 645 magnam
1852 608 2011 645 portionem

652 660 673 678 s.
686 649 785 683 crucis.
803 658 889 685 quam
907 650 997 678 monh
1012 656 1046 678 n0
1057 650 1177 679 donavit
1194 651 1246 679 sub
1259 651 1403 680 Clemente
1414 651 1500 679 tertio
1516 651 1657 687 pontifice.
1682 651 1725 680 M.
1742 651 1794 680 Ob.
1806 651 1840 680 st.
1852 652 2012 688 Leopoldu·

652 702 708 721 sac.
721 696 752 722 et
769 693 816 721 hio
834 694 906 728 pros.
933 693 967 721 L.
986 693 1038 722 Ob.
1052 694 1214 729 Stephanus
1231 694 1350 723 Radtler
1367 694 1454 722 famu.

600 940 1015 989 CATALOGUS
1051 940 1748 989 ANNIVERSARIORUM

772 1014 1208 1063 MONASTERII
1242 1013 1290 1061 S.
1317 1013 1583 1063 CRUCIS.

889 1129 1190 1162 Anniversaria
1218 1129 1461 1172 principum.

446 1198 595 1232 hunivi-
614 1198 642 1225 in
661 1198 687 1225 S.
701 1198 790 1227 Cruee
808 1198 980 1227 celebranda
997 1198 1096 1227 diebus
1114 1198 1187 1226 alias
1204 1207 1259 1226 non
1278 1197 1423 1234 impeditis
1440 1206 1530 1233 eaque
1548 1197 1682 1226 instituta
1699 1199 1751 1227 sub
1769 1205 1856 1227 τον-*ο
1873 1199 1907 1227 d⁰

910 1241 1057 1270 Clemente
1075 1242 1116 1270 53.
1130 1242 1158 1270 h.
1170 1243 1188 1270 L
1201 1242 1273 1270 abb·
1288 1251 1313 1270 a.
1326 1241 1353 1270 d.
1367 1241 1444 1270 16⁷8.

366 1297 390 1322 1.
410 1295 440 1322 ln
460 1293 590 1321 Ianuario
613 1294 707 1322 anniv.
720 1293 856 1322 Friderici
876 1294 911 1322 11.
930 1293 1005 1330 regis
1023 1295 1224 1327 Romanorum,
1248 1294 1329 1322 ducis
1348 1293 1491 1326 Austriae.
1515 1293 1566 1328 qui
1582 1293 1675 1322 multa
1693 1294 1768 1322 bona
1784 1293 1855 1323 fecit
1871 1295 1959 1323 monh
1976 1300 2011 1324 no

409 1337 545 1372 deditque
566 1337 689 1365 ducenta
710 1337 761 1365 tal.
778 1346 829 1372 pro
852 1337 938 1365 musa
959 1337 1135 1372 quotidiana.
1175 1337 1249 1365 Olim
1269 1338 1322 1366 hoc
1340 1337 1435 1366 anniv.
1453 1336 1640 1366 determinate
1659 1336 1834 1366 celebratum
1851 1336 1908 1366 fuit
1924 1338 2011 1367 tertio

410 1381 456 1413 id..
469 1380 486 1408 i.
500 1389 523 1408 e.
536 1381 613 1413 809),
627 1380 759 1408 Ianuarii.

364 1425 389 1452 2.
409 1425 441 1451 In
459 1424 613 1451 Februario
626 1423 740 1451 Heni-ici
757 1423 836 1451 ducis
847 1422 988 1455 Austriae.
1007 1421 1059 1450 fllii
1078 1421 1236 1451 fundatoris
1253 1423 1289 1456 ni,
1308 1421 1357 1457 qui
1375 1422 1456 1451 dedit
1473 1422 1556 1450 nobis
1567 1422 1776 1458 Minkendorv)
1794 1424 1825 1452 et
1841 1423 1912 1452 emit
1926 1424 2012 1453 nobis

408 1467 552 1502 Sigeuseld
560 1469 594 1499 ⁴),
621 1467 767 1495 Scotorum
791 1466 936 1498 fundator,
959 1466 1011 1494 sub
1035 1475 1092 1501 quo
1113 1466 1326 1494 marchionatu·
1343 1465 1477 1494 Austriae
1498 1465 1555 1494 fnit
1577 1464 1755 1494 mutatus‘in
1773 1467 1909 1496 ducatum
1926 1467 2011 1496 bene-

408 1511 472 1538 ficio
484 1510 619 1538 Friderici
639 1509 723 1545 primi
741 1509 928 1545 imperatoris.
946 1518 1029 1544 quem
1045 1509 1079 1537 85
1096 1509 1177 1537 annis
1194 1508 1298 1537 rexisse
1316 1509 1434 1537 tradunt
1451 1508 1579 1537 historici
1597 1511 1628 1538 et
1643 1509 1746 1538 obiisse
1762 1519 1788 1538 a.
1803 1510 1871 1538 11⁷7
1883 1509 2010 1539 calendis

408 1553 567 1587 Februarii,
593 1553 694 1588 quibus
717 1553 783 1581 olim
806 1553 882 1588 apud
908 1561 959 1580 nos
977 1552 1037 1580 eius
1055 1552 1150 1581 anniv.
1165 1552 1369 1581 celebrabatur.
1410 1552 1543 1588 Sepultus
1561 1554 1657 1581 autem
1676 1552 1798 1588 quiescit
1815 1552 1844 1581 in
1863 1553 1908 1582 sui
1926 1554 2010 1582 mon¹¹

409 1597 583 1625 fundatione.

365 1642 390 1669 3.
410 1641 440 1668 In
461 1641 562 1668 Martio
581 1640 695 1668 Henrici
719 1640 798 1668 ducis
820 1640 855 1667 de
873 1639 1008 1672 Medlico,
1032 1639 1080 1675 qui
1100 1639 1180 1668 dedit
1197 1640 1278 1668 nobis
1296 1640 1405 1675 septem
1425 1639 1522 1667 vineas
1540 1641 1570 1667 et
1589 1638 1687 1667 villam
1705 1639 1783 1668 Sultz
1801 1648 1856 1668 non
1875 1641 1974 1676 procul
1992 1650 2011 1670 a

410 1685 506 1715 mon50,
525 1683 743 1719 procuravitque
762 1683 844 1710 nobis
861 1683 971 1718 sylvam
990 1692 1075 1718 supra
1091 1683 1206 1711 Tallern
1225 1683 1284 1710 sive
1303 1682 1333 1710 in
1352 1681 1465 1718 Annine
1483 1683 1513 1710 et
1530 1681 1599 1710 olim
1615 1681 1762 1716 Peilstein,
1779 1692 1854 1711 nunc
1873 1683 2011 1712 Peilthall

409 1727 528 1758 dictam.
551 1727 655 1761 quique
679 1727 722 1754 ob.
740 1736 765 1754 a.
785 1727 859 1754 1223.
901 1726 967 1754 Eius
990 1726 1084 1754 anniv.
1101 1725 1261 1761 antiquitus
1287 1725 1484 1754 celebrabatur
1505 1727 1607 1760 quarto
1630 1734 1717 1754 nonas
1739 1727 1925 1762 Septembris,
1953 1735 2011 1763 qua

409 1771 455 1799 die
473 1771 534 1798 sine
553 1771 638 1798 dubio
656 1770 733 1798 dicto
751 1779 776 1797 a.
790 1770 835 1797 ob.
848 1771 878 1798 et
896 1769 925 1797 in
944 1769 971 1797 S.
985 1769 1073 1798 Cruce
1091 1770 1219 1804 quiescit.

364 1816 388 1843 4.
409 1815 439 1841 In
454 1813 545 1849 Aprili
563 1813 699 1848 Leopoldi
717 1813 797 1840 ducis
817 1813 962 1845 Bavariae,
982 1813 1033 1840 filii
1053 1813 1210 1840 fundatoris
1228 1813 1263 1846 ni,
1282 1813 1331 1847 qui
1350 1812 1431 1840 dedit
1448 1812 1528 1840 nobis
1541 1812 1663 1840 Tromau
1681 1813 1711 1841 et
1724 1813 1841 1841 Tallern
1858 1814 2010 1850 pluresque

409 1857 518 1888 vineas,
544 1856 623 1884 cuius
645 1856 741 1884 anniv.
759 1856 825 1884 olim
849 1856 1047 1884 celebrabatur
1065 1857 1106 1884 15.
1124 1856 1182 1884 kal.
1196 1855 1376 1886 Novembris.
1401 1864 1458 1890 qua
1480 1855 1527 1884 die
1549 1856 1637 1884 etiam
1659 1857 1909 1892 correspondenter
1930 1857 2012 1886 iuxta

408 1909 488 1928 suum
507 1900 714 1935 sepulchralem
733 1900 858 1935 lapidem
877 1900 906 1927 in
925 1899 951 1927 S.
964 1899 1053 1927 Cruce
1071 1899 1193 1934 quiescit
1211 1908 1236 1927 a.
1251 1899 1316 1927 1141
1325 1899 1359 1934 ΙΙ),
1378 1900 1427 1934 qui
1445 1899 1517 1927 aliae
1537 1899 1605 1927 1142
1623 1899 1740 1928 obierat.

365 1945 389 1971 5.
409 1944 440 1971 In
459 1943 535 1971 Maio
558 1944 675 1971 alterius
694 1943 830 1979 Leopoldi
851 1943 932 1971 ducis
951 1943 1093 1975 Austriae.
1117 1943 1167 1978 qui
1191 1943 1312 1971 eontulit
1335 1942 1417 1970 nobis
1434 1943 1610 1976 Nidersultz,
1636 1943 1826 1979 Paumgarten
1848 1945 1878 1972 et
1901 1945 2010 1980 sylvam

408 1988 550 2022 quandam
569 1996 655 2022 penes
668 1996 750 2019 mon„
769 1987 901 2015 fundator
914 1986 1014 2022 Campi
1027 1987 1160 2018 liliorum,
1179 1987 1229 2021 qui
1247 1987 1292 2014 ob.
1305 1986 1413 2015 &1230
1424 1986 1555 2014 kalendis
1569 1986 1701 2020 Ianuarii,
1720 1987 1824 2022 quibus
1841 1987 1901 2015 eius
1917 1988 2010 2016 anniv.

409 2031 614 2063 celebrabatur,
634 2033 663 2058 et
682 2031 809 2066 sepultus
828 2030 857 2057 in
875 2039 927 2058 sua
946 2030 1111 2058 fundatione
1129 2030 1258 2065 quiescit.

364 2075 388 2101 6.
408 2074 440 2101 In
461 2074 540 2101 Iunio
560 2074 687 2102 Andreae
709 2075 785 2109 regis
804 2074 947 2110 Ungariae
965 2076 995 2102 et
1012 2074 1072 2101 uxi·
1090 2074 1150 2101 eius
1168 2073 1325 2106 Gertrudis,
1351 2073 1400 2108 qui
1419 2073 1556 2101 dederunt
1573 2073 1655 2101 nobis
1672 2082 1776 2102 novum
1794 2073 1942 2109 praedium
1960 2083 2010 2103 seu

409 2118 626 2145 Muenehhoffen
645 2118 674 2144 in
693 2117 826 2153 Ungaria.
863 2117 963 2144 Anniv.
977 2117 1038 2145 eius
1056 2117 1123 2144 olim
1142 2117 1315 2145 celebratum
1334 2116 1390 2144 fuit
1408 2117 1494 2145 tertio
1513 2125 1578 2144 non.
1591 2116 1773 2152 Septembris.

365 2162 388 2188 7.
409 2161 441 2187 In
461 2161 534 2188 Iulio
547 2161 679 2188 Henerici
696 2161 756 2189 sive
768 2160 888 2189 Emerici
906 2161 982 2196 regis
994 2161 1138 2196 Ungariae
1156 2162 1186 2188 et
1201 2160 1259 2187 111¹·
1271 2160 1332 2188 eius
1344 2159 1475 2195 Sophiae,
1494 2159 1544 2195 qui
1556 2160 1694 2188 dederunt
1705 2160 1787 2188 nobis
1798 2159 1884 2195 Regis
1897 2160 2008 2189 Curiam

408 2213 456 2231 seu
476 2204 704 2239 Koenigshoffen,
723 2204 805 2231 modo
823 2213 841 2231 a
860 2213 934 2240 pago
952 2204 1102 2232 adiacente
1120 2202 1352 2231 Wilffleinsdorff
1366 2203 1481 2235 dictam,
1501 2203 1729 2238 celebratumque
1748 2203 1807 2231 eius
1825 2203 1894 2231 olim
1913 2203 2010 2232 anniv.

411 2248 466 2275 fuit
484 2249 586 2282 quarto
604 2247 642 2274 id.
655 2247 827 2275 Decembris

365 2291 390 2318 8.
411 2291 442 2318 In
461 2292 589 2326 Augusto
607 2291 744 2318 Friderici
762 2291 847 2326 primi
866 2290 946 2318 ducis
963 2291 1107 2323 Aucti-iae,
1131 2290 1180 2324 qui
1199 2290 1278 2318 dedit
1297 2290 1378 2318 nobis
1392 2289 1621 2318 Wetzleinstorff.
1658 2289 1758 2316 Anniv.
1770 2288 1831 2316 eius
1849 2289 1917 2317 olim
1936 2290 2008 2318 cele-

408 2334 546 2361 brabatur
564 2335 580 2361 6
593 2334 650 2361 kal.
664 2334 741 2362 Maii.

365 2379 390 2405 9.
409 2378 441 2404 In
464 2377 623 2412 Septembri
646 2377 774 2405 Ottoeari
797 2377 872 2413 regis
894 2377 1026 2404 Boemiae
1052 2378 1082 2404 et
1105 2376 1252 2404 Gertrudis
1271 2377 1399 2404 ducissae
1418 2376 1561 2408 Austriae,
1586 2376 1645 2403 ux¹2
1667 2375 1739 2408 eius,
1766 2374 1815 2410 qui
1839 2375 1921 2403 nobis
1945 2384 2008 2403 con—

411 2421 537 2448 tulerunt
556 2420 720 2455 parochiam
739 2420 768 2447 in
787 2421 936 2453 Allandt.⁵)

1222 2502 1233 2514 ἱ

444 2535 468 2567 ⁸)
487 2535 558 2560 Nota
576 2535 661 2560 deleta
678 2539 753 2567 arque
770 2537 825 2561 eius
843 2536 898 2561 loco
916 2544 997 2560 manu
1010 2535 1155 2568 posteriore
1172 2539 1235 2560 nota
1249 2542 1355 2567 nequem
1366 2534 1493 2566 suppleta.
1581 2531 1607 2566 b)
1626 2532 1764 2565 Sequenda
1776 2533 1960 2558 auvaveraaria
1975 2533 2008 2558 ab

340 2587 366 2603 a.
381 2580 442 2603 1673
466 2578 539 2603 iuxta
562 2578 681 2610 antiquos
703 2579 942 2604 anniversariorum
965 2579 1097 2611 catalogos
1118 2578 1146 2602 in
1164 2578 1319 2603 monasterio
1339 2576 1368 2603 S.
1382 2576 1473 2602 Crucis
1495 2576 1700 2602 celebrabantur.
1805 2575 1830 2608 ⁰)
1849 2574 1948 2601 Fatum
1966 2575 2008 2602 hic

341 2621 396 2646 <lies
414 2621 532 2646 kalendis
546 2629 598 2653 pro
617 2621 701 2646 idibus
719 2622 878 2654 computatis.
985 2620 1010 2653 d)
1031 2623 1095 2647 1141
1117 2620 1240 2653 supplem‘.

448 2698 468 2730 ¹)
489 2696 620 2731 θεωρίης
638 2697 663 2724 Ι.
689 2701 858 2725 1461-1452.
974 2699 995 2730 ²)
1015 2697 1102 2724 Cor-r„-
1121 2697 1198 2724 1194.
1309 2698 1330 2728 ³)
1349 2696 1413 2723 Hoc
1430 2695 1577 2730 praedium
1600 2694 1680 2721 etiam
1702 2694 1849 2722 Comedus
1872 2695 2008 2730 qaiscopus

341 2739 514 2766 Patavieneis
537 2740 697 2767 condonavit
719 2741 766 2773 (cf.
782 2741 882 2768 Fontes
903 2748 954 2767 rer.
967 2741 1062 2767 Auser.
1078 2740 1134 2774 XI,
1151 2748 1195 2767 m.
1209 2741 1245 2774 4).
1352 2740 1375 2774 ⁴)
1399 2738 1497 2766 Villam
1517 2738 1589 2765 hanc
1609 2737 1736 2765 submoue
1758 2746 1792 2765 ex
1813 2746 1844 2766 αι
1861 2738 2008 2766 cultoribus

342 2784 425 2809 antea
443 2782 497 2809 illic
507 2782 695 2810 habitantibus
707 2783 817 2810 donavit
829 2784 875 2818 (cf.
889 2784 906 2811 l.
918 2792 939 2810 c.
951 2791 994 2811 nr.
1004 2785 1038 2817 5).
1141 2783 1162 2816 ⁶)
1185 2782 1335 2810 Gerdmdis
1353 2782 1462 2809 ma
1472 2781 1603 2808 Anam-iae
1619 2780 1692 2808 hanc
1702 2789 1763 2808 cum
1774 2781 1835 2809 iure
1845 2780 2008 2816 patronam

341 2828 365 2851 et
379 2826 609 2860 praesentationis
627 2825 700 2853 dedit
717 2827 764 2860 (cf.
778 2828 795 2854 l.
808 2835 830 2855 e.
843 2835 887 2854 nr.
901 2828 971 2861 120).
1489 2833 1495 2838 “
