2150 3178
676 710 1313 772 NECROLOGIUM

321 806 494 866 CAN
502 806 622 866 ΟΝ
630 806 776 865 ΙΑΕ
815 807 938 864 AD
982 806 1038 864 S.
1070 807 1675 867 HIPPOLYTUM.

277 948 436 993 Canania
462 960 506 991 ad
528 959 561 992 S.
576 958 798 1000 Hippolytum,
829 958 919 999 vulgo
943 959 987 991 St.
1005 959 1116 990 Po'lten
1138 963 1338 1000 nuncupata,
1368 971 1449 1000 quae
1476 961 1574 992 multo
1600 964 1675 993 ante
1701 962 1825 1002 reliqua

166 1013 322 1044 Austriae
344 1011 515 1051 Inferioris
536 1011 659 1042 ordinis
680 1021 704 1042 s.
721 1010 890 1042 Benedicti
911 1011 1103 1042 mooutsteria
1130 1021 1151 1042 a
1173 1011 1335 1042 monachis
1357 1022 1382 1042 s.
1399 1011 1568 1043 Benedicti
1590 1012 1730 1053 regulam
1749 1024 1823 1053 pro-

167 1064 270 1103 fessis,
292 1063 348 1104 qui
369 1074 385 1095 e
407 1063 548 1094 coenobio
566 1062 784 1103 Tegernseensi
798 1065 956 1100 venerant,
978 1073 1058 1094 sacc.
1075 1063 1105 1093 8.
1122 1062 1222 1094 medio
1237 1065 1387 1102 regnante
1402 1063 1508 1094 adhuc
1525 1063 1664 1103 Pippino
1679 1065 1823 1097 Franco-

169 1125 242 1147 rum
256 1125 325 1156 rege
337 1114 478 1154 fundata
493 1116 588 1154 atque
602 1114 773 1153 aedificata
788 1124 852 1145 esse
864 1114 979 1152 fertur,
996 1114 1089 1145 varia
1103 1113 1202 1145 subiit
1216 1113 1297 1153 fata.
1332 1114 1548 1154 Berengarius
1563 1115 1647 1147 enim
1662 1116 1825 1156 episcopus

167 1166 369 1198 Pataviensis
390 1175 470 1198 saec.
488 1165 539 1197 11.
555 1166 684 1197 ineunte
705 1165 813 1205 regula
835 1176 859 1196 s.
875 1165 1044 1196 Benedicti
1065 1164 1191 1196 sublata
1214 1166 1380 1197 canonicos
1400 1176 1423 1196 s.
1445 1165 1665 1207 Chrodegangi
1684 1168 1825 1208 regulam

165 1217 325 1257 professos
344 1227 412 1249 eum
433 1218 468 1249 in
484 1217 583 1249 locum
599 1217 770 1255 advocavit,
790 1227 815 1248 s.
828 1216 1024 1248 Altmannus
1039 1217 1199 1256 episcopus
1214 1216 1416 1248 Pataviensis
1431 1227 1501 1248 vero
1517 1228 1547 1250 a.
1562 1218 1645 1248 1080
1661 1220 1825 1252 canonicos

167 1268 326 1309 regulares
346 1279 372 1301 s.
389 1269 565 1309 Augustini
586 1268 727 1309 regulam
745 1269 904 1308 professos
926 1268 1002 1300 illuc
1030 1268 1221 1306 introduxit,
1254 1278 1335 1308 quae
1361 1269 1558 1300 observantia
1585 1269 1699 1309 viguit,
1730 1271 1825 1303 donec

167 1330 247 1352 saec.
265 1320 316 1352 18.
331 1322 462 1352 exeunte
483 1320 620 1352 canonia
642 1319 767 1352 sublata
790 1320 876 1352 sedes
898 1319 1084 1360 episcopalis
1106 1330 1136 1351 a.
1154 1320 1237 1351 1785
1260 1320 1418 1351 successit.

274 1371 435 1404 Canoniae
462 1371 560 1403 huius
589 1371 802 1403 celeberrimae
827 1371 1037 1411 necrologium
1066 1372 1101 1403 in
1131 1371 1247 1403 codicis
1275 1372 1407 1402 minoris
1436 1372 1558 1410 formae
1586 1372 1824 1412 membranacei,

167 1423 200 1454 A
214 1433 264 1455 nr.
279 1425 299 1454 6
313 1423 432 1463 signati
446 1426 540 1464 atque
561 1424 605 1455 ad
625 1433 650 1455 s.
667 1423 874 1464 Hippolytum
890 1423 925 1455 in
940 1423 1122 1455 bibliotheca
1137 1423 1257 1461 domus,
1283 1423 1316 1454 in
1330 1433 1395 1463 qua
1412 1422 1536 1454 alumni
1557 1423 1601 1454 ad
1615 1424 1825 1457 sacerdotium

161 1478 416 1515 praeparantur,
443 1475 605 1513 asservati,
636 1476 699 1506 177
719 1475 850 1515 paginis
875 1475 932 1506 hoc
957 1477 1061 1507 exstat
1087 1477 1229 1514 tempore,
1259 1475 1342 1514 quod
1366 1484 1446 1505 saec.
1466 1476 1516 1505 14.
1541 1475 1669 1507 ineunte
1694 1476 1824 1509 institui

167 1529 307 1567 coeptum
322 1526 423 1558 variis
444 1525 648 1558 librariorum
671 1527 819 1558 manibus
840 1537 940 1567 usque
962 1526 998 1558 in
1019 1537 1099 1558 saec.
1117 1526 1168 1557 17.
1184 1526 1304 1558 excitum
1327 1526 1492 1557 deductum
1515 1529 1568 1557 est.
1619 1526 1697 1558 Cum
1717 1531 1823 1560 autem

166 1578 306 1609 auctoris
320 1588 436 1609 manus
456 1580 549 1609 notas
569 1587 633 1609 non
649 1588 775 1618 paucas
789 1578 996 1617 inscripserit,
1019 1588 1090 1610 eum
1104 1577 1178 1609 illas
1193 1589 1209 1609 e
1224 1577 1394 1618 necrologio
1408 1577 1542 1618 quodam
1558 1579 1724 1611 vetustiore
1739 1590 1824 1612 nunc

166 1630 282 1661 amisso
305 1640 343 1661 ea:
358 1632 454 1669 parte
476 1629 620 1661 hausisse
642 1629 823 1670 colligimus.
873 1629 952 1662 Cum
976 1630 997 1660 3
1014 1629 1113 1671 folia,
1144 1629 1180 1661 in
1207 1629 1323 1670 quibus
1346 1629 1387 1660 12
1416 1629 1482 1661 dies
1509 1629 1626 1661 scilicet
1653 1641 1683 1662 a.
1702 1631 1820 1665 XVII.

166 1680 229 1713 kal.
245 1691 344 1721 usque
365 1681 410 1712 ad
430 1680 503 1713 VII.
520 1680 582 1712 hal.
599 1680 681 1712 Iulii
702 1681 874 1722 inscriptae
900 1684 1004 1718 erant,
1035 1681 1141 1713 evulsa
1167 1681 1246 1719 sint,
1277 1680 1444 1721 necrologii
1466 1681 1561 1712 codex
1582 1691 1669 1713 nunc
1691 1683 1823 1715 mutilus

167 1735 220 1771 est,
243 1733 279 1764 in
300 1743 361 1773 quo
383 1743 506 1764 summa
528 1732 692 1764 industria
713 1732 869 1771 instituto,
892 1733 950 1764 sub
972 1743 1036 1764 uno
1059 1735 1187 1772 aspectu
1198 1733 1311 1772 posito,
1328 1732 1489 1764 munditia
1505 1733 1622 1764 eximia
1637 1734 1821 1767 continuato

166 1783 337 1816 nonnullae
351 1784 643 1816 anniversariorum
664 1786 757 1816 notae
778 1784 916 1816 insertae
937 1787 1022 1822 sunt,
1045 1794 1183 1824 quarum
1199 1787 1313 1824 postea
1335 1794 1374 1815 ea*
1383 1787 1478 1823 parte
1493 1784 1632 1816 radendo
1648 1785 1822 1818 deletarum

166 1836 230 1868 loco
260 1835 343 1867 aliae
369 1835 584 1876 subsequentis
611 1835 757 1875 temporis
778 1838 871 1867 notae
897 1835 1071 1875 descriptae
1099 1838 1184 1867 sunt.
1233 1835 1396 1875 Quaedam
1416 1845 1626 1874 personarum
1648 1836 1822 1877 insignium

166 1890 259 1920 notae
285 1886 382 1919 colore
411 1889 469 1918 aut
494 1887 590 1919 rubro
617 1889 676 1918 aut
704 1886 846 1919 caeruleo
872 1890 930 1918 aut
956 1887 1054 1918 viridi
1075 1887 1234 1927 ascriptae
1255 1889 1339 1918 sunt.
1385 1886 1482 1918 Folia
1498 1887 1632 1927 paginis
1653 1898 1822 1921 numerare

166 1940 216 1972 vir
237 1941 411 1971 memoratu
432 1938 555 1980 dignus,
583 1938 689 1970 doctor
713 1938 896 1970 Theodorus
915 1938 1122 1971 Wiedemann
1143 1939 1277 1978 coepisse
1299 1938 1433 1976 videtur,
1455 1939 1513 1978 qui
1535 1938 1591 1970 hoc
1613 1938 1822 1979 necrologium

159 1991 298 2032 primus,
320 1993 355 2022 at
376 1990 484 2022 minus
505 1991 652 2021 accurate
672 1989 759 2030 (Das
779 1989 1000 2030 Nekrologium
1023 1989 1076 2022 des
1098 1989 1286 2030 ehemaligen
1305 1989 1822 2030 Augustiner-Chorherrenstiftes

166 2042 214 2075 St.
231 2042 347 2074 Po'lten
372 2042 408 2073 in
430 2041 549 2074 Fontes
569 2052 676 2073 rerum
697 2041 947 2074 Austriacarum
969 2042 1064 2081 XXI,
1085 2053 1122 2082 p.
1138 2042 1325 2084 441—753)
1343 2052 1445 2083 parvo
1468 2043 1690 2075 commentario
1713 2044 1821 2075 critico

165 2093 287 2126 adiecto
305 2093 522 2133 prooemioque
537 2093 682 2133 perbrevi
698 2093 874 2133 praemisso
895 2092 1042 2134 vulgavit.
1091 2093 1141 2132 Of.
1158 2093 1264 2125 Neues
1285 2093 1405 2125 Archiv
1427 2093 1571 2132 XXXV,
1587 2095 1652 2125 757
1665 2104 1730 2134 sqq.

276 2145 316 2178 Ut
341 2147 434 2176 notas
461 2147 526 2176 tum
553 2145 695 2176 auctoris
720 2154 820 2176 manu
842 2147 909 2176 tum
931 2145 1031 2176 variis
1054 2144 1255 2177 librariorum
1279 2145 1428 2176 manibus
1450 2145 1585 2177 saeculis
1607 2145 1821 2178 delabentibus

165 2197 337 2237 inscriptas
351 2196 583 2236 distinguerem,
603 2198 695 2228 notas
714 2196 753 2228 ab
774 2199 901 2228 auctore
915 2206 995 2228 saec.
1010 2198 1060 2228 14.
1072 2197 1200 2228 ineunte
1215 2197 1388 2238 descriptas
1403 2196 1517 2228 litteris
1532 2197 1706 2229 maioribus
1722 2197 1822 2230 latius

165 2248 335 2288 dispositis,
358 2250 450 2280 notas
471 2247 610 2288 reliquas
631 2258 711 2279 saec.
728 2249 778 2279 14.
794 2248 934 2280 adiectas
957 2247 1071 2279 litteris
1089 2248 1264 2280 maioribus
1279 2247 1377 2279 latius
1392 2248 1554 2288 dispositis
1567 2249 1661 2280 uncis
1675 2248 1817 2288 inclusis,

164 2303 256 2332 notas
275 2310 352 2332 saec.
370 2300 421 2331 15.
437 2299 600 2339 appositas
619 2299 733 2331 litteris
751 2300 932 2338 maioribus,
955 2309 1034 2332 saec.
1050 2301 1101 2332 16.
1118 2300 1246 2332 ineunte
1265 2300 1436 2339 inscriptas
1456 2299 1672 2331 tantummodo
1691 2300 1819 2332 selectas

167 2351 281 2384 litteris
302 2351 436 2383 minutis
457 2351 568 2382 curavi
590 2351 818 2383 exscribendas.

269 2403 327 2435 Ius
347 2403 459 2443 fasque
481 2405 538 2440 est,
566 2405 603 2434 ut
624 2402 703 2434 viris
725 2402 924 2441 doctissimis,
952 2402 1119 2434 Friderico
1141 2402 1295 2440 Schmidt,
1322 2401 1522 2433 alumnorum
1545 2402 1589 2433 ad
1610 2402 1820 2434 sacerdotium

158 2454 439 2495 promovendorum
465 2453 499 2486 S.
521 2453 686 2494 Hippolyti
713 2454 873 2492 directori,
905 2457 999 2495 atque
1025 2454 1199 2486 Francisco
1227 2453 1413 2494 Reininger‚
1444 2453 1612 2493 theologiae
1631 2454 1819 2495 professori,

165 2506 248 2546 quod
277 2505 392 2538 codicis
417 2505 638 2544 pertractandi
669 2504 828 2537 licentiam
858 2506 938 2537 mihi
968 2506 1189 2544 concesserint,
1223 2505 1279 2536 hoc
1312 2515 1432 2545 quoque
1464 2504 1527 2537 loco
1557 2505 1681 2545 gratias
1711 2505 1820 2538 iterem

165 2557 294 2590 debitas.

852 2654 934 2690 IAN
936 2654 1128 2690 UARIUS.

181 2734 204 2760 1.
337 2733 394 2761 kal.
420 2728 640 2761 Fridericus
663 2729 740 2771 pbr.
787 2728 952 2771 [Ulrious
975 2728 1020 2761 de
1044 2728 1421 2770 Sighartzohirichen
1445 2728 1524 2770 pbr.
1549 2730 1587 2760 et
1610 2727 1650 2759 fr.
1672 2727 1716 2770 n.]
1748 2720 1817 2760 ¹Io-

473 2781 596 2813 hannes
622 2781 693 2822 pbr.
714 2780 745 2812 Si
762 2780 898 2822 Nicolay
920 2780 1056 2812 Patavie
1085 2784 1177 2812 extra
1203 2790 1327 2820 muros,
1358 2779 1414 2811 cfr.
1435 2791 1465 2811 n.
1517 2779 1654 2811 Iacobus
1683 2780 1753 2821 pbr.
1776 2779 1817 2811 de

269 2838 353 2867 Nm.
366 2839 471 2866 Pnn.
1577 2839 1611 2866 60
