2150 3178
317 179 472 208 NECROL.
489 179 668 208 FRATRUM
685 179 863 208 MINORUM
881 179 1168 208 OBSERVANTIUM
1187 181 1413 209 PROVINCIAE
1431 182 1668 210 AUSTRIACAE.
1761 187 1820 217 153

269 266 314 294 Fr.
327 266 424 294 Gallus
445 267 464 293 l.
483 266 685 294 vindemiarum
708 268 834 302 tempore
858 274 892 294 ex
917 268 1056 294 conventu
1081 266 1280 294 Lancovicensi
1291 269 1310 301 ¹)
1335 268 1513 296 collectorem
1539 277 1625 304 agens
1650 269 1769 297 moritur
1793 270 1821 297 in

165 309 300 344 Marpurg
318 318 343 337 a.
357 309 432 337 1496.

270 352 361 380 Venus
372 361 399 387 p.
412 352 481 380 Otto
500 352 534 380 de
552 352 672 385 Prussia,
691 352 885 379 devotissimus
903 361 967 384 sac„
985 354 1110 379 mortuus
1129 354 1172 380 est
1189 353 1218 379 in
1230 353 1373 388 Wippach
1392 355 1420 381 et
1439 355 1566 388 sepultus
1585 356 1615 382 in
1628 355 1821 392 Reussenberg

166 405 192 423 a.
208 395 284 423 1497.

133 446 147 466 5
269 439 312 465 Fr.
326 437 475 472 Philippus
493 438 527 465 de
539 437 690 465 Sclavonia
707 438 725 465 l.
738 447 756 465 a
768 438 867 465 Turcis
885 446 936 472 per
955 438 988 464 12
1000 446 1086 464 annos
1104 438 1133 464 in
1150 438 1269 465 vinculis
1287 439 1443 466 custoditus
1456 440 1499 467 ob.
1510 441 1695 477 Egenburgae
1708 451 1733 470 a.
1745 444 1820 471 1500.

269 481 360 509 Venn-
372 490 399 516 p.
413 481 537 516 Angelus
554 481 587 508 de
600 480 760 516 Ingolstatt,
779 480 931 514 aliquando
943 480 1139 515 philosophiae
1155 482 1184 508 et
1196 481 1352 508 medicinae
1365 482 1469 514 doctor,
1489 484 1606 511 moritur
1617 485 1647 511 in
1659 485 1792 521 Pupping
1799 487 1821 520 ²)

165 533 190 552 a.
205 525 280 552 1502.

127 560 131 563 ’
267 567 359 595 Venli-
365 577 393 602 p.
400 567 575 595 Cherubinus
587 567 621 594 de
631 566 759 598 Saxonis,
772 566 940 593 venerabilis
953 566 1106 594 senectutis
1119 575 1182 598 sac,
1195 568 1333 601 regularis
1345 568 1541 597 observantiae
1554 570 1705 606 singularis
1716 572 1822 599 zelator

165 612 194 638 et
206 619 276 637 unus
289 619 304 637 e
316 610 415 645 primis
427 619 445 637 a
457 615 484 636 so
495 609 663 644 Capistrano
673 609 800 637 Viennae
812 609 848 637 ad
860 609 984 637 ordinem
995 610 1124 644 receptis,
1144 610 1205 637 vita
1217 610 1364 638 defimctus
1376 612 1413 638 ad
1426 612 1481 638 Sam
1496 613 1693 648 Radegundem
1707 623 1732 642 a.
1745 616 1820 643 1503.

121 661 147 680 ιο
268 653 358 680 Venus
365 662 392 688 p.
401 653 559 680 Leonardus
569 653 602 680 de
613 652 802 685 Schoenstein,
812 661 868 680 sac.
875 652 943 679 olim
953 652 1156 684 conventualis,
1165 653 1283 686 moritur
1292 653 1403 680 Graecii
1413 655 1449 681 ad
1459 655 1516 682 Sum
1523 655 1699 683 Leonardum
1709 667 1734 684 a.
1745 659 1820 686 1504.

269 696 360 723 Venus
369 705 396 731 p.
406 696 530 723 Michael
548 696 724 727 LabacensiS,
742 696 804 730 pbr.
821 697 851 723 et
869 704 930 731 cap.
948 696 1015 723 olim
1032 704 1088 723 rev.
1105 696 1132 722 di
1150 696 1185 724 de
1204 696 1341 730 Raeuber,
1360 697 1404 724 ob.
1421 698 1450 724 in
1468 698 1687 733 Rudolphswert
1705 709 1729 727 a.
1744 702 1820 729 1505.

267 740 333 767 Rev.
346 749 373 774 p.
388 739 511 774 Angelus
534 739 568 766 de
587 739 710 772 Prussia,
734 739 848 774 saepius
867 739 993 766 Viennae
1010 739 1194 774 guardianus,
1219 740 1306 767 etiam
1325 741 1490 775 peregrinus
1514 742 1542 768 in
1561 743 1724 776 Ierusalem,
1749 753 1820 771 unus

163 791 197 810 ex
214 782 314 818 primis
331 783 415 814 frma,
435 782 552 810 moritur
571 781 614 808 vir
632 782 806 810 venerandae
824 782 977 810 senectutis
995 782 1031 809 ad
1049 783 1104 809 8⁸¹1·
1116 782 1318 818 Radegundem
1336 793 1361 811 a.
1375 785 1451 811 1508.

266 825 358 853 Venli·
367 834 394 859 p.
403 825 564 852 Ambrosius
576 825 610 852 de
621 825 729 857 Tullna,
742 834 799 852 sac.
809 825 1037 860 provectissimae
1049 826 1153 853 aetatis
1166 827 1196 853 et
1208 826 1321 854 vivente
1334 837 1354 854 s.
1364 827 1530 862 Capistrano
1543 830 1696 863 susceptus,
1710 838 1735 856 a.
1744 830 1820 858 1508.

121 877 145 896 15
266 868 311 895 Fr.
325 868 474 896 Zacharias
496 868 561 895 cler.
578 868 629 895 sub
647 867 776 895 incendio
796 868 832 895 ad
850 877 987 895 summum
1005 869 1095 896 altare
1115 869 1278 904 confugiens
1296 879 1313 897 a
1333 870 1445 898 flamma
1463 872 1620 899 absumitur
1638 872 1667 899 in
1686 872 1820 900 Paradiso

164 920 189 938 a.
203 911 278 939 1509.

267 954 334 982 Rev.
348 963 375 989 p.
388 954 519 986 Adamus,
534 962 630 981 sacrae
642 953 803 989 theologiae
815 954 920 986 doctor,
938 954 1014 989 apud
1026 960 1072 989 pe*
1085 955 1284 982 conventuales
1298 955 1513 983 Franciscanum
1526 957 1644 992 rigidius
1657 958 1820 986 institutum

164 997 218 1026 etsi
236 998 293 1025 iam
311 1006 394 1024 senex
412 997 558 1032 amplexus
577 997 666 1024 vitam
683 997 746 1024 finit
763 997 935 1024 laudabilem
948 997 1074 1025 Viennae
1081 999 1103 1031 ⁸)
1121 1006 1145 1025 a.
1161 998 1237 1025 1509.

267 1041 359 1067 Venus
368 1049 395 1075 p.
403 1039 550 1067 Udalricus
561 1040 802 1075 Iudenburgensis,
815 1040 1011 1068 devotissimus
1024 1040 1175 1076 praecipue
1188 1041 1216 1067 in
1229 1041 1375 1069 recitanda
1388 1051 1489 1070 corona
1500 1043 1525 1070 b.
1536 1043 1674 1079 v(irginis)
1683 1045 1820 1079 M(ariae)‚

120 1091 146 1111 20
164 1084 207 1111 ob.
218 1082 343 1112 Viennae
361 1092 387 1111 a.
400 1083 476 1111 1510.

268 1127 358 1154 venus
367 1136 395 1161 p.
403 1126 540 1154 Antonius
550 1127 584 1154 de
595 1126 744 1162 Hartperg,
758 1127 819 1161 pbr.
829 1127 980 1154 saecularis
993 1127 1142 1155 admodum
1155 1128 1262 1160 doctus,
1276 1138 1359 1164 saepe
1369 1130 1549 1164 guardianus,
1562 1131 1607 1158 ob.
1617 1131 1654 1159 ad
1664 1131 1719 1158 ΞΜ]
1730 1133 1818 1160 Rade-

162 1170 283 1205 gundem
302 1179 327 1197 a.
341 1170 416 1198 1510.

265 1213 357 1240 Venus
370 1222 395 1248 p.
410 1213 514 1240 Paulus
532 1213 566 1240 de
579 1212 706 1245 Weiden,
725 1213 904 1247 praedicator
915 1213 1145 1246 ferventissimus,
1165 1214 1239 1248 post·
1247 1214 1307 1241 eius
1326 1215 1435 1243 obitum
1454 1225 1572 1252 magnus
1585 1227 1668 1253 super
1680 1227 1741 1246 eum
1755 1229 1819 1247 con-

163 1266 259 1284 cursus
277 1258 306 1284 et
324 1256 456 1291 planetus
473 1264 557 1290 super
574 1256 714 1290 exequias,
733 1257 778 1283 ob.
791 1256 957 1289 Schwazii‘)
976 1265 1000 1283 a.
1016 1257 1090 1283 1511.

119 1306 144 1326 25
266 1300 333 1327 Rev.
346 1308 374 1334 p.
387 1299 526 1326 Martinus
538 1299 573 1327 de
585 1299 749 1331 Francmia,
767 1299 906 1334 religiosis
920 1299 1043 1327 moribus
1061 1308 1094 1327 ac
1108 1299 1266 1327 devotionis
1278 1301 1373 1336 gratia
1385 1303 1562 1338 praecipuus,
1581 1313 1652 1331 unus
1671 1305 1706 1333 de
1721 1306 1819 1340 primis

161 1343 250 1375 fribus,
272 1342 349 1370 vitae
367 1341 504 1377 regularis
522 1342 628 1370 zelator
645 1347 675 1370 et
692 1342 838 1370 multoties
856 1343 994 1370 corrector
1011 1351 1135 1375 mensae,
1159 1344 1200 1370 76.
1214 1344 1319 1371 aetatis
1337 1354 1409 1372 anno
1428 1346 1546 1374 moritur
1558 1347 1683 1375 Viennae
1702 1357 1726 1376 a.
1742 1349 1818 1376 1513.

264 1385 309 1413 Fr.
321 1385 471 1413 Tiburcius
489 1385 523 1413 de
537 1385 650 1412 Prussia
668 1386 695 1418 l.‚
715 1395 785 1412 unus
803 1385 889 1413 etiam
907 1386 941 1413 de
960 1385 1058 1420 primis
1078 1386 1162 1418 fribus,
1182 1387 1345 1420 laboriosus,
1365 1388 1506 1423 pacificus,
1525 1390 1651 1424 devotus,
1671 1393 1818 1426 completis

161 1429 244 1456 annis
262 1429 296 1456 78
314 1428 432 1456 moritur
450 1437 475 1456 a.
489 1429 565 1456 1513.

265 1472 355 1499 Venus
367 1481 394 1506 p.
405 1471 561 1503 Udalricus,
580 1480 635 1499 sac.
647 1471 730 1499 valde
743 1480 833 1503 senex,
852 1481 923 1499 unus
936 1471 970 1499 de
983 1472 1081 1506 primis
1094 1472 1171 1498 fribus
1183 1481 1201 1500 a
1213 1482 1234 1500 s.
1245 1473 1412 1508 Capistrano
1425 1476 1571 1510 susceptis,
1590 1477 1708 1505 moritur
1720 1479 1818 1506 luden-

118 1522 144 1542 ω
162 1515 244 1551 burgi
262 1524 287 1543 a.
302 1515 377 1542 1515.

264 1558 356 1586 Venliu
369 1567 396 1593 p.
406 1558 547 1592 Sylvester
560 1558 593 1585 de
606 1557 772 1591 Muelldorff,
786 1558 851 1585 dum
864 1567 921 1592 qua
932 1558 1044 1586 noviter
1055 1558 1200 1586 ordinatus
1216 1559 1336 1586 vicarius
1349 1560 1385 1587 ad
1399 1563 1566 1589 conventum
1579 1562 1788 1592 Fridaviensem
1795 1567 1817 1599 ⁸)

162 1603 300 1637 pergeret,
318 1610 369 1636 per
386 1601 488 1628 flumen
507 1601 583 1627 Murr
601 1601 770 1628 descendens
788 1601 937 1636 naufragio
955 1600 1043 1636 periit
1060 1610 1085 1628 a.
1099 1602 1174 1629 1517.

266 1645 355 1672 Venus
367 1654 394 1679 p.
407 1644 572 1677 Ludovicus,
591 1643 699 1672 iuvenis
717 1653 790 1676 sac,
799 1653 856 1678 qna
874 1644 961 1671 bonus
973 1645 1152 1679 praedicator
1165 1654 1180 1672 e
1193 1648 1334 1673 conventu
1348 1646 1536 1682 Puppingano
1550 1649 1585 1676 ad
1598 1650 1818 1683 praedicandum

161 1687 261 1715 missus
278 1688 308 1714 in
326 1688 431 1722 oppido
449 1687 631 1714 Matthausen
649 1687 814 1720 infirmatur,
832 1687 950 1715 moritur
968 1689 997 1715 et
1015 1687 1045 1714 in
1064 1687 1182 1715 ecclesia
1201 1688 1359 1723 parochiali
1377 1690 1483 1718 ibidem
1501 1692 1637 1726 sepelitur
1656 1701 1680 1720 a.
1694 1694 1771 1721 1518.

117 1738 142 1758 ³5
263 1731 356 1758 Venlifl
369 1740 396 1765 p.
409 1730 574 1757 Franciscus
592 1730 626 1758 de
639 1730 763 1757 Gorlicia
780 1730 808 1757 in
827 1731 1025 1758 reformatione
1043 1731 1099 1758 loci
1111 1731 1291 1758 Bulsanensis
1308 1741 1364 1766 qua
1377 1734 1572 1761 conventualis
1585 1735 1763 1769 praedicator
1782 1737 1818 1764 ad

161 1783 211 1801 nos
229 1774 350 1806 transiit,
369 1773 413 1801 ob.
427 1773 555 1801 Viennae
573 1782 598 1800 a.
614 1773 688 1800 1518.

265 1817 360 1845 Ven¹⁶⁸
377 1823 422 1852 p0³
441 1816 578 1844 Patritius
595 1818 625 1844 et
643 1815 829 1844 Bernardiuus
847 1816 1044 1848 Sehwazensis,
1063 1817 1146 1844 ambo
1164 1817 1192 1844 in
1211 1818 1324 1845 saeculo
1343 1819 1413 1853 pbri.

264 1859 355 1888 venua
364 1869 392 1895 p.
399 1859 426 1886 N
427 1860 534 1887 icolaus
546 1868 563 1886 a
573 1859 722 1887 Carinthia
733 1860 769 1886 ab
781 1859 916 1887 ecclesiae
927 1859 1090 1887 Graecensis
1099 1860 1240 1887 testudine
1250 1861 1378 1888 deorsum
1390 1863 1492 1890 cadens
1503 1863 1645 1891 extinctus
1656 1866 1699 1892 est
1708 1873 1733 1892 a.
1743 1866 1817 1893 1519.

263 1903 354 1931 Venus
365 1913 393 1938 p.
406 1903 541 1938 Georgius
554 1903 671 1938 Keppel,
690 1903 727 1929 fil.
740 1902 929 1937 potentissimi
947 1902 1000 1930 civ.
1011 1902 1185 1935 Viennensis,
1204 1903 1400 1938 ignorantibus
1413 1907 1579 1940 parentibus
1592 1907 1756 1942 religionem
1775 1909 1817 1936 in-

117 1957 143 1977 40
161 1955 279 1982 gressuS,
298 1946 395 1974 multis
413 1946 494 1973 annis
512 1946 697 1980 praedicator,
716 1946 802 1973 etiam
819 1945 993 1981 guardianus
1011 1945 1073 1978 fuit,
1093 1946 1136 1973 ob.
1148 1946 1272 1974 Viennae
1291 1956 1317 1975 a.
1330 1948 1406 1976 1521.

265 1989 356 2017 Venus
368 1999 395 2024 p.
408 1990 506 2017 Petrus
519 1989 678 2021 Laahensis,
698 1991 850 2023 antequam
868 1989 1033 2024 religionem
1052 1989 1252 2024 ingrederetur,
1272 1992 1465 2019 conventualis
1478 1994 1557 2026 prof„
1576 1993 1620 2021 ob.
1635 1994 1817 2030 Noviburgae

160 2042 185 2061 a.
199 2034 275 2061 1521.
1408 2036 1411 2038 ’

264 2076 331 2103 Rev.
346 2085 372 2110 p.
385 2074 554 2103 Benedictus
566 2074 751 2106 DalmatinuS,
770 2075 819 2109 qui
838 2074 892 2102 fuit
911 2075 1116 2103 commissarius
1135 2076 1286 2104 Bohemiae
1305 2078 1335 2104 et
1353 2077 1494 2104 redeundo
1512 2078 1548 2105 ad
1567 2078 1680 2106 ltaliam
1699 2080 1817 2107 moritur

162 2118 334 2154 Iudenburgi
352 2128 377 2146 a.
392 2119 467 2151 1522,
486 2127 556 2145 unus
574 2118 607 2145 de
626 2117 797 2145 doctioribus
815 2118 927 2146 ordinis.

117 2172 143 2191 45
265 2162 355 2190 Venli·
368 2171 395 2196 p.
409 2161 533 2189 Mathias
551 2161 585 2188 de
597 2161 708 2188 Vienna
726 2161 804 2188 venit
822 2161 858 2188 ad
876 2170 926 2189 nos
944 2163 976 2188 ut
994 2162 1197 2195 conventualis,
1216 2162 1335 2190 moritur
1352 2162 1382 2189 in
1401 2163 1619 2198 Rudolphswert
1637 2173 1662 2192 a.
1677 2165 1751 2193 1523.

262 2204 307 2232 Fr.
320 2205 472 2232 Balthasar
489 2204 523 2231 de
542 2204 732 2236 Praunecken,
752 2204 816 2231 cler.
829 2206 915 2232 antea
933 2204 1134 2236 conventualis,
1153 2204 1198 2232 ob.
1211 2205 1349 2232 Schwazii
1367 2214 1392 2233 a.
1407 2206 1482 2234 1523.

265 2248 353 2275 Venus
366 2257 394 2282 p.
408 2247 540 2279 Andreas,
559 2249 644 2274 antea
662 2246 868 2279 conventualis,
890 2247 1081 2282 praedicator,
1105 2248 1245 2275 confessor
1263 2250 1293 2275 et
1310 2249 1459 2284 religiosus
1478 2250 1580 2282 bonus,
1599 2250 1643 2278 ob.
1658 2251 1816 2287 Noviburgi

160 2300 184 2318 a.
199 2291 273 2318 1528.

262 2334 354 2362 Venlifl
366 2343 394 2369 p.
404 2333 546 2362 Conradus
558 2333 593 2361 de
606 2333 760 2368 Herbipoli,
778 2333 846 2360 olim
859 2333 1060 2366 conventualis,
1078 2333 1167 2360 bonus
1179 2336 1351 2369 procurator,
1369 2334 1486 2362 moritur
1498 2335 1534 2363 ad
1547 2335 1601 2362 S⁸¹¹¹
1616 2337 1815 2372 Radegundem

116 2386 142 2405 so
159 2386 185 2405 a.
198 2377 274 2405 1530.

264 2420 354 2447 Venus
365 2429 392 2455 p.
405 2420 522 2447 Iodocus
540 2420 574 2446 de
592 2419 786 2454 Norimberga,
806 2419 883 2454 prius
901 2420 1102 2454 conventualis,
1121 2421 1164 2447 ob.
1178 2420 1207 2447 in
1225 2421 1340 2448 Schwaz
1359 2430 1384 2449 a.
1399 2422 1474 2449 1532.

263 2463 354 2490 venus
365 2473 393 2498 p.
403 2463 576 2498 Hippolytus
589 2462 836 2497 Campodunensis‚
850 2462 893 2490 vir
905 2463 1019 2496 zelosus,
1031 2463 1068 2490 ad
1080 2463 1193 2490 Ten-am
1207 2464 1339 2491 Sanctam
1352 2465 1494 2500 profectus
1507 2466 1551 2493 ob.
1562 2466 1689 2493 Tridenti
1701 2475 1726 2493 a.
1739 2467 1814 2494 1533.

262 2506 329 2534 Rev.
339 2516 366 2541 p.
378 2506 515 2541 Casparus
528 2506 563 2533 de
573 2505 718 2537 Khrembs,
731 2505 760 2532 in
773 2505 884 2532 saeculo
894 2505 1053 2540 Freystadii
1064 2506 1167 2533 nobilis
1180 2516 1213 2534 ac
1225 2507 1303 2534 dives
1315 2508 1383 2540 dec„
1395 2508 1514 2535 moritur
1523 2508 1691 2544 Puppingae
1701 2518 1727 2536 a.
1739 2510 1814 2537 1533.

265 2638 286 2670 ¹)
308 2635 465 2663 Glaustrwm
491 2636 538 2662 hoc
563 2643 584 2663 s.
601 2635 711 2662 Mariae
738 2635 769 2662 de
794 2635 900 2662 Gratiis
924 2635 1079 2662 Lamovzzzii
1101 2635 1133 2662 im
1155 2635 1248 2670 Sbyria
1270 2635 1427 2662 dedicatum
1451 2638 1497 2663 est.
1610 2637 1631 2670 2)
1652 2636 1814 2663 Coenobium

116 2686 141 2706 55
160 2687 180 2706 s.
199 2679 355 2713 Wolfyanai
376 2679 417 2713 epi
439 2679 602 2713 Puppimae
630 2679 661 2704 in
682 2679 788 2705 Austra
811 2678 957 2712 Superiora
982 2687 1008 2706 a.
1025 2682 1091 2705 1476
1112 2678 1256 2711 aedificari
1283 2681 1404 2712 wcptum
1431 2686 1507 2705 mmo
1535 2682 1656 2712 sequente
1678 2680 1814 2712 fratribus

159 2722 314 2749 Minor-thus
337 2721 494 2748 sollemniter
515 2721 649 2748 traditum
671 2724 714 2748 esi.
820 2723 842 2755 ⁸)
861 2722 897 2748 ln
919 2722 1040 2749 coenobio
1056 2730 1091 2750 ss.
1106 2721 1255 2749 Theobaldo
1275 2725 1301 2748 et
1319 2721 1508 2749 Bernhardimo
1526 2722 1648 2749 dedicato
1664 2725 1689 2749 et
1707 2732 1732 2751 a.
1746 2727 1813 2750 1451

159 2765 291 2799 fratribus
310 2765 463 2791 Minor-ibus
480 2773 499 2791 a
513 2764 653 2791 Fridm'oo
665 2765 725 2791 ΠΙ.
738 2765 845 2792 tradito.
951 2759 973 2798 ⁴')
990 2765 1029 2792 In
1047 2766 1165 2793 caustro
1182 2773 1203 2792 s.
1216 2765 1368 2792 Francisco
1380 2764 1524 2798 Seraphim
1542 2765 1663 2792 dedicato
1677 2768 1701 2792 et
1712 2775 1738 2793 α.
1748 2770 1816 2793 1507

159 2808 286 2842 fwndato.
393 2809 415 2843 ⁶)
434 2808 592 2835 Claustrum
609 2807 755 2835 mizlaviae
773 2809 804 2835 in
824 2808 966 2836 Corinthia
983 2818 1009 2836 a.
1022 2813 1088 2836 1495
1102 2808 1251 2842 ΐιιηὼιίτινη
1268 2811 1332 2836 erat.

262 2859 348 2886 Nscn.
360 2859 466 2887 Psi-nv.
1570 2860 1605 2886 20
