<?xml version="1.0" encoding="UTF-8"?>
<!DOCTYPE html PUBLIC "-//W3C//DTD XHTML 1.0 Transitional//EN"
    "http://www.w3.org/TR/xhtml1/DTD/xhtml1-transitional.dtd">
<html xmlns="http://www.w3.org/1999/xhtml" xml:lang="en" lang="en">
 <head>
  <title>
</title>
<meta http-equiv="Content-Type" content="text/html;charset=utf-8" />
  <meta name='ocr-system' content='tesseract 3.04.00' />
  <meta name='ocr-capabilities' content='ocr_page ocr_carea ocr_par ocr_line ocrx_word'/>
</head>
<body>
  <div class='ocr_page' id='page_1' title='image "./monumentagerman05geseuoft_0542.png"; bbox 0 0 2150 3178; ppageno 0'>
   <div class='ocr_carea' id='block_1_1' title="bbox 347 169 1610 213">
    <p class='ocr_par' dir='ltr' id='par_1_1' title="bbox 347 169 1610 213">
     <span class='ocr_line' id='line_1_1' title="bbox 347 169 1610 213; baseline -0.014 0"><span class='ocrx_word' id='word_1_1' title='bbox 347 181 412 213; x_wconf 80' lang='grc'>528</span> <span class='ocrx_word' id='word_1_2' title='bbox 751 172 1022 202; x_wconf 81' lang='lat' dir='ltr'>NECROLOGIUM</span> <span class='ocrx_word' id='word_1_3' title='bbox 1040 171 1232 200; x_wconf 79' lang='lat' dir='ltr'>CANONIAE</span> <span class='ocrx_word' id='word_1_4' title='bbox 1250 170 1300 198; x_wconf 87' lang='lat' dir='ltr'>AD</span> <span class='ocrx_word' id='word_1_5' title='bbox 1318 169 1345 197; x_wconf 89' lang='lat' dir='ltr'>S.</span> <span class='ocrx_word' id='word_1_6' title='bbox 1357 169 1610 197; x_wconf 83' lang='lat' dir='ltr'>HIPPOLYTUM.</span> 
     </span>
    </p>
   </div>
   <div class='ocr_carea' id='block_1_2' title="bbox 662 254 2014 357">
    <p class='ocr_par' dir='ltr' id='par_1_2' title="bbox 662 254 2014 357">
     <span class='ocr_line' id='line_1_2' title="bbox 666 254 2014 300; baseline -0.007 -5"><span class='ocrx_word' id='word_1_7' title='bbox 666 264 758 295; x_wconf 81' lang='grc'><strong>1468.</strong></span> <span class='ocrx_word' id='word_1_8' title='bbox 803 260 1002 294; x_wconf 81' lang='lat' dir='ltr'><strong>wilibaldus</strong></span> <span class='ocrx_word' id='word_1_9' title='bbox 1030 258 1071 291; x_wconf 81' lang='lat' dir='ltr'><strong>de</strong></span> <span class='ocrx_word' id='word_1_10' title='bbox 1095 258 1267 291; x_wconf 79' lang='lat' dir='ltr'><strong>Walthusa</strong></span> <span class='ocrx_word' id='word_1_11' title='bbox 1295 257 1365 300; x_wconf 87' lang='lat' dir='ltr'>pbr.</span> <span class='ocrx_word' id='word_1_12' title='bbox 1388 259 1421 289; x_wconf 77' lang='lat' dir='ltr'><strong>et</strong></span> <span class='ocrx_word' id='word_1_13' title='bbox 1448 256 1505 288; x_wconf 80' lang='lat' dir='ltr'>cfr.</span> <span class='ocrx_word' id='word_1_14' title='bbox 1526 267 1557 288; x_wconf 93' lang='grc' dir='ltr'>ιι.</span> <span class='ocrx_word' id='word_1_15' title='bbox 1605 255 1768 288; x_wconf 77' lang='lat' dir='ltr'><strong>Iohannes</strong></span> <span class='ocrx_word' id='word_1_16' title='bbox 1795 254 1871 297; x_wconf 64' lang='grc' dir='ltr'>ρκ’)</span> <span class='ocrx_word' id='word_1_17' title='bbox 1898 254 2014 287; x_wconf 77' lang='lat' dir='ltr'>Alton-</span> 
     </span>
     <span class='ocr_line' id='line_1_3' title="bbox 662 306 2014 357; baseline -0.004 -11"><span class='ocrx_word' id='word_1_18' title='bbox 662 314 832 357; x_wconf 85' lang='lat' dir='ltr'>burgensis</span> <span class='ocrx_word' id='word_1_19' title='bbox 854 313 925 355; x_wconf 88' lang='lat' dir='ltr'>pbr.</span> <span class='ocrx_word' id='word_1_20' title='bbox 943 315 977 344; x_wconf 84' lang='lat' dir='ltr'><strong>et</strong></span> <span class='ocrx_word' id='word_1_21' title='bbox 999 311 1055 343; x_wconf 83' lang='lat' dir='ltr'>cfr.</span> <span class='ocrx_word' id='word_1_22' title='bbox 1072 321 1102 342; x_wconf 87' lang='lat' dir='ltr'>n.</span> <span class='ocrx_word' id='word_1_23' title='bbox 1149 310 1189 343; x_wconf 90' lang='lat' dir='ltr'>D.</span> <span class='ocrx_word' id='word_1_24' title='bbox 1206 309 1369 342; x_wconf 81' lang='lat' dir='ltr'><strong>Iohannes</strong></span> <span class='ocrx_word' id='word_1_25' title='bbox 1390 308 1596 341; x_wconf 74' lang='lat' dir='ltr'><strong>Rettentaler</strong></span> <span class='ocrx_word' id='word_1_26' title='bbox 1619 318 1660 340; x_wconf 87' lang='lat' dir='ltr'><strong>ex</strong></span> <span class='ocrx_word' id='word_1_27' title='bbox 1676 307 1922 349; x_wconf 83' lang='lat' dir='ltr'><strong>Reichensperg</strong></span> <span class='ocrx_word' id='word_1_28' title='bbox 1944 306 2014 349; x_wconf 90' lang='lat' dir='ltr'>pbr.</span> 
     </span>
    </p>
   </div>
   <div class='ocr_carea' id='block_1_3' title="bbox 663 363 2016 444">
    <p class='ocr_par' dir='ltr' id='par_1_3' title="bbox 663 363 2016 444">
     <span class='ocr_line' id='line_1_4' title="bbox 663 363 2016 399; baseline -0.006 0"><span class='ocrx_word' id='word_1_29' title='bbox 663 371 696 399; x_wconf 85' lang='lat' dir='ltr'><strong>et</strong></span> <span class='ocrx_word' id='word_1_30' title='bbox 723 366 780 398; x_wconf 83' lang='lat' dir='ltr'>cfr.</span> <span class='ocrx_word' id='word_1_31' title='bbox 801 377 831 398; x_wconf 89' lang='grc' dir='ltr'>ιι.</span> <span class='ocrx_word' id='word_1_32' title='bbox 884 370 929 396; x_wconf 87' lang='lat' dir='ltr'>Fr.</span> <span class='ocrx_word' id='word_1_33' title='bbox 946 368 1088 396; x_wconf 78' lang='lat' dir='ltr'><strong>Iohannes</strong></span> <span class='ocrx_word' id='word_1_34' title='bbox 1117 375 1150 394; x_wconf 86' lang='lat' dir='ltr'><strong>ex</strong></span> <span class='ocrx_word' id='word_1_35' title='bbox 1173 365 1322 394; x_wconf 72' lang='lat' dir='ltr'>Dirnstsin</span> <span class='ocrx_word' id='word_1_36' title='bbox 1350 365 1400 393; x_wconf 80' lang='lat' dir='ltr'>cfr.</span> <span class='ocrx_word' id='word_1_37' title='bbox 1417 374 1445 393; x_wconf 91' lang='lat' dir='ltr'>n.</span> <span class='ocrx_word' id='word_1_38' title='bbox 1497 365 1530 392; x_wconf 90' lang='lat' dir='ltr'>D.</span> <span class='ocrx_word' id='word_1_39' title='bbox 1545 364 1717 392; x_wconf 70' lang='lat' dir='ltr'><strong>Eustachius</strong></span> <span class='ocrx_word' id='word_1_40' title='bbox 1740 364 1835 392; x_wconf 84' lang='lat' dir='ltr'><strong>senior</strong></span> <span class='ocrx_word' id='word_1_41' title='bbox 1857 363 1887 391; x_wconf 84' lang='lat' dir='ltr'><strong>in</strong></span> <span class='ocrx_word' id='word_1_42' title='bbox 1910 363 2016 391; x_wconf 84' lang='lat' dir='ltr'>Tuern-</span> 
     </span>
     <span class='ocr_line' id='line_1_5' title="bbox 665 416 848 444; baseline -0.011 0"><span class='ocrx_word' id='word_1_43' title='bbox 665 416 740 444; x_wconf 77' lang='lat' dir='ltr'><strong>stain</strong></span> <span class='ocrx_word' id='word_1_44' title='bbox 760 416 807 444; x_wconf 81' lang='lat' dir='ltr'>cfr.</span> <span class='ocrx_word' id='word_1_45' title='bbox 821 424 848 443; x_wconf 90' lang='grc' dir='ltr'>ιι.</span> 
     </span>
    </p>
   </div>
   <div class='ocr_carea' id='block_1_4' title="bbox 1067 493 1305 530">
    <p class='ocr_par' dir='ltr' id='par_1_4' title="bbox 1067 493 1305 530">
     <span class='ocr_line' id='line_1_6' title="bbox 1067 493 1305 530; baseline 0 0"><span class='ocrx_word' id='word_1_46' title='bbox 1067 493 1305 530; x_wconf 89' lang='lat' dir='ltr'>OCTOBER.</span> 
     </span>
    </p>
   </div>
   <div class='ocr_carea' id='block_1_5' title="bbox 367 570 2024 1238">
    <p class='ocr_par' dir='ltr' id='par_1_5' title="bbox 367 570 2024 1238">
     <span class='ocr_line' id='line_1_7' title="bbox 367 570 2018 616; baseline -0.005 -6"><span class='ocrx_word' id='word_1_47' title='bbox 367 582 393 610; x_wconf 89' lang='lat'>1.</span> <span class='ocrx_word' id='word_1_48' title='bbox 525 582 584 609; x_wconf 81' lang='lat' dir='ltr'>kal.</span> <span class='ocrx_word' id='word_1_49' title='bbox 614 576 705 608; x_wconf 86' lang='lat' dir='ltr'><strong>Otto</strong></span> <span class='ocrx_word' id='word_1_50' title='bbox 729 577 749 608; x_wconf 92' lang='lat' dir='ltr'>l.</span> <span class='ocrx_word' id='word_1_51' title='bbox 773 576 819 608; x_wconf 90' lang='lat' dir='ltr'><strong>de</strong></span> <span class='ocrx_word' id='word_1_52' title='bbox 843 574 1051 606; x_wconf 82' lang='lat' dir='ltr'><strong>Wachovia</strong></span> <span class='ocrx_word' id='word_1_53' title='bbox 1074 573 1178 606; x_wconf 80' lang='lat' dir='ltr'><strong>fam¹·</strong></span> <span class='ocrx_word' id='word_1_54' title='bbox 1199 584 1230 605; x_wconf 93' lang='grc' dir='ltr'>ιι.</span> <span class='ocrx_word' id='word_1_55' title='bbox 1276 571 1472 616; x_wconf 79' lang='lat' dir='ltr'><strong>[Nicolaus</strong></span> <span class='ocrx_word' id='word_1_56' title='bbox 1497 571 1575 613; x_wconf 88' lang='lat' dir='ltr'>pbr.</span> <span class='ocrx_word' id='word_1_57' title='bbox 1597 571 1764 604; x_wconf 74' lang='lat' dir='ltr'><strong>ecclesie</strong></span> <span class='ocrx_word' id='word_1_58' title='bbox 1787 570 1815 602; x_wconf 67' lang='grc' dir='ltr'>ειἰ</span> <span class='ocrx_word' id='word_1_59' title='bbox 1834 570 2018 602; x_wconf 76' lang='lat' dir='ltr'><strong>Iohannis</strong></span> 
     </span>
     <span class='ocr_line' id='line_1_8' title="bbox 664 621 2019 667; baseline -0.004 -8"><span class='ocrx_word' id='word_1_60' title='bbox 664 629 699 660; x_wconf 91' lang='lat' dir='ltr'><strong>in</strong></span> <span class='ocrx_word' id='word_1_61' title='bbox 716 627 940 659; x_wconf 76' lang='lat' dir='ltr'><strong>Walthausn</strong></span> <span class='ocrx_word' id='word_1_62' title='bbox 970 629 1007 658; x_wconf 79' lang='lat' dir='ltr'><strong>et</strong></span> <span class='ocrx_word' id='word_1_63' title='bbox 1035 625 1100 658; x_wconf 85' lang='lat' dir='ltr'>cfr.</span> <span class='ocrx_word' id='word_1_64' title='bbox 1118 636 1147 657; x_wconf 92' lang='grc' dir='ltr'>ιι.</span> <span class='ocrx_word' id='word_1_65' title='bbox 1194 624 1395 667; x_wconf 85' lang='lat' dir='ltr'><strong>Vulfingus</strong></span> <span class='ocrx_word' id='word_1_66' title='bbox 1424 623 1468 656; x_wconf 90' lang='lat' dir='ltr'><strong>de</strong></span> <span class='ocrx_word' id='word_1_67' title='bbox 1493 622 1612 664; x_wconf 75' lang='lat' dir='ltr'>Stira,</span> <span class='ocrx_word' id='word_1_68' title='bbox 1642 622 1864 655; x_wconf 84' lang='lat' dir='ltr'>Fridericus</span> <span class='ocrx_word' id='word_1_69' title='bbox 1894 621 2019 654; x_wconf 78' lang='lat' dir='ltr'><strong>dictus</strong></span> 
     </span>
     <span class='ocr_line' id='line_1_9' title="bbox 667 673 2019 719; baseline -0.004 -8"><span class='ocrx_word' id='word_1_70' title='bbox 667 679 823 719; x_wconf 77' lang='lat' dir='ltr'>Tobler,</span> <span class='ocrx_word' id='word_1_71' title='bbox 858 677 1055 710; x_wconf 81' lang='lat' dir='ltr'>Erhardus</span> <span class='ocrx_word' id='word_1_72' title='bbox 1085 677 1130 709; x_wconf 90' lang='lat' dir='ltr'><strong>de</strong></span> <span class='ocrx_word' id='word_1_73' title='bbox 1157 677 1312 718; x_wconf 80' lang='lat' dir='ltr'><strong>Lincza,</strong></span> <span class='ocrx_word' id='word_1_74' title='bbox 1345 675 1485 708; x_wconf 82' lang='lat' dir='ltr'>Petrus</span> <span class='ocrx_word' id='word_1_75' title='bbox 1515 675 1562 708; x_wconf 87' lang='lat' dir='ltr'><strong>de</strong></span> <span class='ocrx_word' id='word_1_76' title='bbox 1591 675 1727 715; x_wconf 75' lang='lat' dir='ltr'>Talna,</span> <span class='ocrx_word' id='word_1_77' title='bbox 1762 674 1943 707; x_wconf 83' lang='lat' dir='ltr'>Albertus</span> <span class='ocrx_word' id='word_1_78' title='bbox 1973 673 2019 706; x_wconf 84' lang='lat' dir='ltr'><strong>de</strong></span> 
     </span>
     <span class='ocr_line' id='line_1_10' title="bbox 667 725 2018 772; baseline -0.004 -9"><span class='ocrx_word' id='word_1_79' title='bbox 667 730 862 772; x_wconf 77' lang='lat' dir='ltr'><strong>Aschach‚</strong></span> <span class='ocrx_word' id='word_1_80' title='bbox 877 729 1030 762; x_wconf 88' lang='lat' dir='ltr'>Ulricus</span> <span class='ocrx_word' id='word_1_81' title='bbox 1046 728 1157 771; x_wconf 86' lang='lat' dir='ltr'>pleb.,</span> <span class='ocrx_word' id='word_1_82' title='bbox 1180 727 1319 770; x_wconf 85' lang='lat' dir='ltr'><strong>Symon</strong></span> <span class='ocrx_word' id='word_1_83' title='bbox 1334 727 1443 770; x_wconf 62' lang='lat' dir='ltr'>pleb„</span> <span class='ocrx_word' id='word_1_84' title='bbox 1464 732 1562 759; x_wconf 76' lang='lat' dir='ltr'><strong>sac0·</strong></span> <span class='ocrx_word' id='word_1_85' title='bbox 1578 726 1612 758; x_wconf 78' lang='lat'>8¹</span> <span class='ocrx_word' id='word_1_86' title='bbox 1627 726 1801 759; x_wconf 80' lang='lat' dir='ltr'><strong>Floriani</strong></span> <span class='ocrx_word' id='word_1_87' title='bbox 1817 729 1855 758; x_wconf 87' lang='lat' dir='ltr'><strong>et</strong></span> <span class='ocrx_word' id='word_1_88' title='bbox 1869 725 1959 758; x_wconf 75' lang='lat' dir='ltr'>cfr-⁰⁸</span> <span class='ocrx_word' id='word_1_89' title='bbox 1974 725 2018 758; x_wconf 72' lang='lat' dir='ltr'>n‘.</span> 
     </span>
     <span class='ocr_line' id='line_1_11' title="bbox 668 777 2020 825; baseline -0.004 -11"><span class='ocrx_word' id='word_1_90' title='bbox 668 783 759 815; x_wconf 83' lang='lat' dir='ltr'><strong>Otto</strong></span> <span class='ocrx_word' id='word_1_91' title='bbox 783 782 863 825; x_wconf 91' lang='lat' dir='ltr'>pbr.</span> <span class='ocrx_word' id='word_1_92' title='bbox 880 785 918 814; x_wconf 83' lang='lat' dir='ltr'><strong>et</strong></span> <span class='ocrx_word' id='word_1_93' title='bbox 940 792 982 813; x_wconf 91' lang='grc' dir='ltr'><strong>ιιι.</strong></span> <span class='ocrx_word' id='word_1_94' title='bbox 1000 786 1032 812; x_wconf 82' lang='lat' dir='ltr'><strong>s⁰</strong></span> <span class='ocrx_word' id='word_1_95' title='bbox 1049 780 1168 813; x_wconf 78' lang='lat' dir='ltr'><strong>Msrie</strong></span> <span class='ocrx_word' id='word_1_96' title='bbox 1184 781 1219 812; x_wconf 90' lang='lat' dir='ltr'><strong>in</strong></span> <span class='ocrx_word' id='word_1_97' title='bbox 1235 780 1602 822; x_wconf 76' lang='lat' dir='ltr'>Paungartenperg,</span> <span class='ocrx_word' id='word_1_98' title='bbox 1626 778 1693 811; x_wconf 84' lang='lat' dir='ltr'>cfr.</span> <span class='ocrx_word' id='word_1_99' title='bbox 1709 789 1739 810; x_wconf 92' lang='lat' dir='ltr'>n.</span> <span class='ocrx_word' id='word_1_100' title='bbox 1775 777 2020 810; x_wconf 77' lang='lat' dir='ltr'>Wolfhardus</span> 
     </span>
     <span class='ocr_line' id='line_1_12' title="bbox 667 829 2019 874; baseline -0.004 -8"><span class='ocrx_word' id='word_1_101' title='bbox 667 835 791 866; x_wconf 80' lang='lat' dir='ltr'><strong>dictus</strong></span> <span class='ocrx_word' id='word_1_102' title='bbox 816 833 980 874; x_wconf 85' lang='lat' dir='ltr'><strong>Weczel,</strong></span> <span class='ocrx_word' id='word_1_103' title='bbox 1011 843 1088 865; x_wconf 81' lang='lat' dir='ltr'>acc.</span> <span class='ocrx_word' id='word_1_104' title='bbox 1111 832 1244 864; x_wconf 89' lang='lat' dir='ltr'><strong>domus</strong></span> <span class='ocrx_word' id='word_1_105' title='bbox 1274 831 1302 863; x_wconf 88' lang='lat' dir='ltr'><strong>s¹</strong></span> <span class='ocrx_word' id='word_1_106' title='bbox 1324 831 1512 871; x_wconf 80' lang='lat' dir='ltr'><strong>Floriani,</strong></span> <span class='ocrx_word' id='word_1_107' title='bbox 1543 830 1606 862; x_wconf 82' lang='lat' dir='ltr'>cfr.</span> <span class='ocrx_word' id='word_1_108' title='bbox 1629 841 1659 862; x_wconf 93' lang='grc' dir='ltr'>ιι.</span> <span class='ocrx_word' id='word_1_109' title='bbox 1713 829 1916 872; x_wconf 77' lang='lat' dir='ltr'><strong>Gerungus</strong></span> <span class='ocrx_word' id='word_1_110' title='bbox 1945 839 2019 862; x_wconf 79' lang='lat' dir='ltr'>sac.</span> 
     </span>
     <span class='ocr_line' id='line_1_13' title="bbox 668 881 2020 928; baseline -0.004 -9"><span class='ocrx_word' id='word_1_111' title='bbox 668 887 714 919; x_wconf 88' lang='lat' dir='ltr'><strong>de</strong></span> <span class='ocrx_word' id='word_1_112' title='bbox 731 886 872 928; x_wconf 80' lang='lat' dir='ltr'>Campo</span> <span class='ocrx_word' id='word_1_113' title='bbox 895 885 1081 925; x_wconf 88' lang='lat' dir='ltr'>liliorum,</span> <span class='ocrx_word' id='word_1_114' title='bbox 1105 884 1213 917; x_wconf 79' lang='lat' dir='ltr'>cfr.n.</span> <span class='ocrx_word' id='word_1_115' title='bbox 1259 883 1477 926; x_wconf 78' lang='lat' dir='ltr'><strong>Haynricus</strong></span> <span class='ocrx_word' id='word_1_116' title='bbox 1500 882 1627 914; x_wconf 76' lang='lat' dir='ltr'><strong>dictus</strong></span> <span class='ocrx_word' id='word_1_117' title='bbox 1642 881 1874 914; x_wconf 78' lang='lat' dir='ltr'>Gundacher</span> <span class='ocrx_word' id='word_1_118' title='bbox 1897 881 2020 913; x_wconf 87' lang='lat' dir='ltr'><strong>eccle—</strong></span> 
     </span>
     <span class='ocr_line' id='line_1_14' title="bbox 668 932 2021 978; baseline -0.004 -8"><span class='ocrx_word' id='word_1_119' title='bbox 668 939 723 971; x_wconf 84' lang='lat' dir='ltr'>sie</span> <span class='ocrx_word' id='word_1_120' title='bbox 753 938 781 970; x_wconf 78' lang='lat' dir='ltr'>si</span> <span class='ocrx_word' id='word_1_121' title='bbox 805 937 959 970; x_wconf 74' lang='lat' dir='ltr'><strong>Nicolai</strong></span> <span class='ocrx_word' id='word_1_122' title='bbox 989 939 1099 969; x_wconf 78' lang='lat' dir='ltr'>extra</span> <span class='ocrx_word' id='word_1_123' title='bbox 1128 946 1255 968; x_wconf 87' lang='lat' dir='ltr'>muros</span> <span class='ocrx_word' id='word_1_124' title='bbox 1285 933 1362 978; x_wconf 85' lang='lat' dir='ltr'>cfr.]</span> <span class='ocrx_word' id='word_1_125' title='bbox 1410 933 1567 966; x_wconf 80' lang='lat' dir='ltr'>Albertus</span> <span class='ocrx_word' id='word_1_126' title='bbox 1589 943 1631 965; x_wconf 90' lang='lat' dir='ltr'>m.</span> <span class='ocrx_word' id='word_1_127' title='bbox 1655 936 1688 965; x_wconf 82' lang='lat' dir='ltr'><strong>et</strong></span> <span class='ocrx_word' id='word_1_128' title='bbox 1710 933 1780 975; x_wconf 86' lang='lat' dir='ltr'>pbr.</span> <span class='ocrx_word' id='word_1_129' title='bbox 1803 932 1845 965; x_wconf 85' lang='lat' dir='ltr'><strong>de</strong></span> <span class='ocrx_word' id='word_1_130' title='bbox 1868 932 2021 965; x_wconf 86' lang='lat' dir='ltr'>Ohrems-</span> 
     </span>
     <span class='ocr_line' id='line_1_15' title="bbox 668 977 2022 1030; baseline -0.005 -7"><span class='ocrx_word' id='word_1_131' title='bbox 668 993 847 1030; x_wconf 60' lang='lat' dir='ltr'><strong>muenstm,</strong></span> <span class='ocrx_word' id='word_1_132' title='bbox 877 989 933 1021; x_wconf 81' lang='lat' dir='ltr'>cfr.</span> <span class='ocrx_word' id='word_1_133' title='bbox 950 999 979 1020; x_wconf 94' lang='lat' dir='ltr'>n.</span> <span class='ocrx_word' id='word_1_134' title='bbox 1024 987 1152 1020; x_wconf 88' lang='lat' dir='ltr'>Ulricus</span> <span class='ocrx_word' id='word_1_135' title='bbox 1180 987 1222 1020; x_wconf 89' lang='lat' dir='ltr'><strong>de</strong></span> <span class='ocrx_word' id='word_1_136' title='bbox 1246 986 1387 1019; x_wconf 79' lang='lat' dir='ltr'><strong>Wienna</strong></span> <span class='ocrx_word' id='word_1_137' title='bbox 1410 985 1480 1028; x_wconf 90' lang='lat' dir='ltr'>pbr.</span> <span class='ocrx_word' id='word_1_138' title='bbox 1502 988 1536 1017; x_wconf 78' lang='lat' dir='ltr'><strong>et</strong></span> <span class='ocrx_word' id='word_1_139' title='bbox 1558 985 1596 1017; x_wconf 79' lang='lat' dir='ltr'>fr.</span> <span class='ocrx_word' id='word_1_140' title='bbox 1617 996 1648 1018; x_wconf 90' lang='lat' dir='ltr'>n.</span> <span class='ocrx_word' id='word_1_141' title='bbox 1675 977 1856 1017; x_wconf 69' lang='lat' dir='ltr'><strong>&#39;Iohannes</strong></span> <span class='ocrx_word' id='word_1_142' title='bbox 1878 985 1967 1027; x_wconf 88' lang='lat' dir='ltr'>prior</span> <span class='ocrx_word' id='word_1_143' title='bbox 1989 985 2022 1016; x_wconf 89' lang='lat' dir='ltr'><strong>in</strong></span> 
     </span>
     <span class='ocr_line' id='line_1_16' title="bbox 670 1035 2022 1085; baseline -0.005 -11"><span class='ocrx_word' id='word_1_144' title='bbox 670 1041 895 1085; x_wconf 69' lang='lat' dir='ltr'><strong>Seysnstenb)‚</strong></span> <span class='ocrx_word' id='word_1_145' title='bbox 926 1051 967 1072; x_wconf 90' lang='lat' dir='ltr'>m.</span> <span class='ocrx_word' id='word_1_146' title='bbox 992 1044 1026 1072; x_wconf 87' lang='lat' dir='ltr'><strong>et</strong></span> <span class='ocrx_word' id='word_1_147' title='bbox 1052 1039 1109 1072; x_wconf 85' lang='lat' dir='ltr'>cfr.</span> <span class='ocrx_word' id='word_1_148' title='bbox 1130 1050 1160 1071; x_wconf 91' lang='lat' dir='ltr'>n.</span> <span class='ocrx_word' id='word_1_149' title='bbox 1211 1037 1421 1071; x_wconf 79' lang='lat' dir='ltr'>Eberhardus</span> <span class='ocrx_word' id='word_1_150' title='bbox 1450 1037 1536 1080; x_wconf 87' lang='lat' dir='ltr'>pleb.</span> <span class='ocrx_word' id='word_1_151' title='bbox 1559 1037 1592 1069; x_wconf 88' lang='lat' dir='ltr'><strong>in</strong></span> <span class='ocrx_word' id='word_1_152' title='bbox 1614 1036 1716 1078; x_wconf 86' lang='lat' dir='ltr'><strong>Recz,</strong></span> <span class='ocrx_word' id='word_1_153' title='bbox 1747 1036 1817 1078; x_wconf 87' lang='lat' dir='ltr'>pbr.</span> <span class='ocrx_word' id='word_1_154' title='bbox 1841 1039 1875 1069; x_wconf 79' lang='lat' dir='ltr'><strong>et</strong></span> <span class='ocrx_word' id='word_1_155' title='bbox 1900 1036 1938 1068; x_wconf 85' lang='lat' dir='ltr'>fr.</span> <span class='ocrx_word' id='word_1_156' title='bbox 1961 1035 2022 1079; x_wconf 83' lang='lat' dir='ltr'>n.⁰)</span> 
     </span>
     <span class='ocr_line' id='line_1_17' title="bbox 670 1087 2022 1136; baseline -0.005 -9"><span class='ocrx_word' id='word_1_157' title='bbox 670 1094 833 1136; x_wconf 79' lang='lat' dir='ltr'>Georgius</span> <span class='ocrx_word' id='word_1_158' title='bbox 862 1093 903 1125; x_wconf 90' lang='lat' dir='ltr'><strong>de</strong></span> <span class='ocrx_word' id='word_1_159' title='bbox 926 1092 1159 1133; x_wconf 68' lang='lat' dir='ltr'><strong>Wahhamen,</strong></span> <span class='ocrx_word' id='word_1_160' title='bbox 1188 1091 1258 1134; x_wconf 88' lang='lat' dir='ltr'>pbr.</span> <span class='ocrx_word' id='word_1_161' title='bbox 1279 1094 1314 1123; x_wconf 80' lang='lat' dir='ltr'><strong>et</strong></span> <span class='ocrx_word' id='word_1_162' title='bbox 1335 1090 1392 1122; x_wconf 84' lang='lat' dir='ltr'>cfr.</span> <span class='ocrx_word' id='word_1_163' title='bbox 1409 1101 1440 1121; x_wconf 92' lang='lat' dir='ltr'>n.</span> <span class='ocrx_word' id='word_1_164' title='bbox 1485 1088 1639 1121; x_wconf 78' lang='lat' dir='ltr'>Erasmus</span> <span class='ocrx_word' id='word_1_165' title='bbox 1665 1088 1706 1121; x_wconf 83' lang='lat' dir='ltr'><strong>de</strong></span> <span class='ocrx_word' id='word_1_166' title='bbox 1730 1087 1882 1130; x_wconf 81' lang='lat' dir='ltr'>Wyenns.</span> <span class='ocrx_word' id='word_1_167' title='bbox 1904 1088 2022 1129; x_wconf 85' lang='lat' dir='ltr'><strong>senior,</strong></span> 
     </span>
     <span class='ocr_line' id='line_1_18' title="bbox 668 1139 2021 1190; baseline -0.004 -12"><span class='ocrx_word' id='word_1_168' title='bbox 668 1147 738 1190; x_wconf 87' lang='lat' dir='ltr'>pbr.</span> <span class='ocrx_word' id='word_1_169' title='bbox 757 1150 790 1178; x_wconf 78' lang='lat' dir='ltr'><strong>et</strong></span> <span class='ocrx_word' id='word_1_170' title='bbox 813 1145 850 1177; x_wconf 84' lang='lat' dir='ltr'>fr.</span> <span class='ocrx_word' id='word_1_171' title='bbox 868 1156 898 1176; x_wconf 90' lang='lat' dir='ltr'>n.</span> <span class='ocrx_word' id='word_1_172' title='bbox 918 1146 1009 1176; x_wconf 84' lang='lat'>1476.</span> <span class='ocrx_word' id='word_1_173' title='bbox 1055 1143 1095 1176; x_wconf 95' lang='lat' dir='ltr'>D.</span> <span class='ocrx_word' id='word_1_174' title='bbox 1113 1143 1276 1175; x_wconf 74' lang='lat' dir='ltr'><strong>Iohannes</strong></span> <span class='ocrx_word' id='word_1_175' title='bbox 1299 1141 1401 1175; x_wconf 72' lang='lat' dir='ltr'><strong>Metel</strong></span> <span class='ocrx_word' id='word_1_176' title='bbox 1425 1141 1466 1173; x_wconf 88' lang='lat' dir='ltr'><strong>de</strong></span> <span class='ocrx_word' id='word_1_177' title='bbox 1489 1140 1698 1182; x_wconf 77' lang='lat' dir='ltr'>Newnburga</span> <span class='ocrx_word' id='word_1_178' title='bbox 1722 1139 1895 1172; x_wconf 77' lang='lat' dir='ltr'>Olaustrali</span> <span class='ocrx_word' id='word_1_179' title='bbox 1917 1139 1974 1173; x_wconf 81' lang='lat' dir='ltr'>cfr.</span> <span class='ocrx_word' id='word_1_180' title='bbox 1990 1150 2021 1172; x_wconf 94' lang='lat' dir='ltr'>n.</span> 
     </span>
     <span class='ocr_line' id='line_1_19' title="bbox 669 1191 2024 1238; baseline -0.006 -7"><span class='ocrx_word' id='word_1_181' title='bbox 669 1199 709 1231; x_wconf 91' lang='lat' dir='ltr'>D.</span> <span class='ocrx_word' id='word_1_182' title='bbox 723 1198 885 1230; x_wconf 80' lang='lat' dir='ltr'><strong>Iohannes</strong></span> <span class='ocrx_word' id='word_1_183' title='bbox 901 1196 1008 1228; x_wconf 88' lang='lat' dir='ltr'><strong>senior</strong></span> <span class='ocrx_word' id='word_1_184' title='bbox 1023 1194 1093 1238; x_wconf 87' lang='lat' dir='ltr'>pbr.</span> <span class='ocrx_word' id='word_1_185' title='bbox 1110 1194 1238 1236; x_wconf 75' lang='lat' dir='ltr'><strong>mon¹¹⁶)</strong></span> <span class='ocrx_word' id='word_1_186' title='bbox 1256 1218 1364 1226; x_wconf 88' lang='lat'>.....</span> <span class='ocrx_word' id='word_1_187' title='bbox 1368 1219 1376 1235; x_wconf 94' lang='lat'>‚</span> <span class='ocrx_word' id='word_1_188' title='bbox 1396 1193 1453 1225; x_wconf 77' lang='lat' dir='ltr'>cfr.</span> <span class='ocrx_word' id='word_1_189' title='bbox 1466 1204 1496 1225; x_wconf 91' lang='lat' dir='ltr'>n.</span> <span class='ocrx_word' id='word_1_190' title='bbox 1534 1192 1700 1225; x_wconf 75' lang='lat' dir='ltr'>Erhardus</span> <span class='ocrx_word' id='word_1_191' title='bbox 1716 1192 1757 1224; x_wconf 88' lang='lat' dir='ltr'><strong>de</strong></span> <span class='ocrx_word' id='word_1_192' title='bbox 1773 1191 1859 1224; x_wconf 79' lang='lat' dir='ltr'>Stira</span> <span class='ocrx_word' id='word_1_193' title='bbox 1875 1202 1916 1224; x_wconf 90' lang='lat' dir='ltr'>m.</span> <span class='ocrx_word' id='word_1_194' title='bbox 1929 1191 2024 1224; x_wconf 77' lang='lat' dir='ltr'>mon¹¹</span> 
     </span>
    </p>
   </div>
   <div class='ocr_carea' id='block_1_6' title="bbox 669 1245 2024 1288">
    <p class='ocr_par' dir='ltr' id='par_1_6' title="bbox 669 1245 2024 1288">
     <span class='ocr_line' id='line_1_20' title="bbox 669 1245 2024 1288; baseline -0.005 -6"><span class='ocrx_word' id='word_1_195' title='bbox 669 1251 701 1282; x_wconf 92' lang='lat' dir='ltr'><strong>in</strong></span> <span class='ocrx_word' id='word_1_196' title='bbox 717 1248 995 1282; x_wconf 83' lang='lat' dir='ltr'>Kremssminster.</span> <span class='ocrx_word' id='word_1_197' title='bbox 1034 1246 1175 1279; x_wconf 75' lang='lat' dir='ltr'><strong>Michael</strong></span> <span class='ocrx_word' id='word_1_198' title='bbox 1191 1246 1331 1278; x_wconf 81' lang='lat' dir='ltr'>Kramer</span> <span class='ocrx_word' id='word_1_199' title='bbox 1351 1245 1422 1288; x_wconf 89' lang='lat' dir='ltr'>pbr.</span> <span class='ocrx_word' id='word_1_200' title='bbox 1439 1248 1472 1278; x_wconf 82' lang='lat' dir='ltr'><strong>et</strong></span> <span class='ocrx_word' id='word_1_201' title='bbox 1488 1245 1545 1277; x_wconf 84' lang='lat' dir='ltr'>cfr.</span> <span class='ocrx_word' id='word_1_202' title='bbox 1558 1255 1588 1276; x_wconf 92' lang='lat' dir='ltr'>n.</span> <span class='ocrx_word' id='word_1_203' title='bbox 1627 1249 1661 1276; x_wconf 91' lang='lat' dir='ltr'>D.</span> <span class='ocrx_word' id='word_1_204' title='bbox 1675 1248 1895 1283; x_wconf 82' lang='lat' dir='ltr'>christophorus</span> <span class='ocrx_word' id='word_1_205' title='bbox 1911 1248 2024 1276; x_wconf 65' lang='lat' dir='ltr'><strong>anusch</strong></span> 
     </span>
    </p>
   </div>
   <div class='ocr_carea' id='block_1_7' title="bbox 671 1294 2023 1418">
    <p class='ocr_par' dir='ltr' id='par_1_7' title="bbox 671 1294 2023 1418">
     <span class='ocr_line' id='line_1_21' title="bbox 671 1294 2023 1334; baseline -0.004 -6"><span class='ocrx_word' id='word_1_206' title='bbox 671 1301 707 1329; x_wconf 77' lang='lat' dir='ltr'>ad</span> <span class='ocrx_word' id='word_1_207' title='bbox 721 1301 838 1328; x_wconf 74' lang='lat' dir='ltr'><strong>Schotm</strong></span> <span class='ocrx_word' id='word_1_208' title='bbox 845 1301 867 1332; x_wconf 79' lang='lat'>⁸)</span> <span class='ocrx_word' id='word_1_209' title='bbox 882 1299 942 1334; x_wconf 87' lang='lat' dir='ltr'>pbr.</span> <span class='ocrx_word' id='word_1_210' title='bbox 955 1301 985 1326; x_wconf 73' lang='lat' dir='ltr'><strong>et</strong></span> <span class='ocrx_word' id='word_1_211' title='bbox 997 1299 1046 1326; x_wconf 82' lang='lat' dir='ltr'>cfr.</span> <span class='ocrx_word' id='word_1_212' title='bbox 1056 1307 1082 1325; x_wconf 90' lang='grc' dir='ltr'>ιι.</span> <span class='ocrx_word' id='word_1_213' title='bbox 1113 1298 1143 1325; x_wconf 95' lang='lat' dir='ltr'>D.</span> <span class='ocrx_word' id='word_1_214' title='bbox 1159 1297 1296 1325; x_wconf 79' lang='lat' dir='ltr'><strong>Melchior</strong></span> <span class='ocrx_word' id='word_1_215' title='bbox 1310 1296 1546 1324; x_wconf 73' lang='lat' dir='ltr'>Rsttmanstsrfer</span> <span class='ocrx_word' id='word_1_216' title='bbox 1562 1304 1622 1323; x_wconf 74' lang='lat' dir='ltr'>can.</span> <span class='ocrx_word' id='word_1_217' title='bbox 1634 1294 1853 1330; x_wconf 73' lang='lat' dir='ltr'>salzpurgensis.</span> <span class='ocrx_word' id='word_1_218' title='bbox 1884 1294 2023 1323; x_wconf 71' lang='lat' dir='ltr'><strong>Iohannes</strong></span> 
     </span>
     <span class='ocr_line' id='line_1_22' title="bbox 672 1337 2023 1377; baseline -0.004 -6"><span class='ocrx_word' id='word_1_219' title='bbox 672 1354 713 1372; x_wconf 88' lang='lat' dir='ltr'>cv.</span> <span class='ocrx_word' id='word_1_220' title='bbox 733 1344 762 1371; x_wconf 89' lang='lat' dir='ltr'><strong>in</strong></span> <span class='ocrx_word' id='word_1_221' title='bbox 782 1342 884 1370; x_wconf 72' lang='lat' dir='ltr'><strong>Zwetel</strong></span> <span class='ocrx_word' id='word_1_222' title='bbox 903 1345 933 1370; x_wconf 80' lang='lat' dir='ltr'><strong>et</strong></span> <span class='ocrx_word' id='word_1_223' title='bbox 951 1342 1000 1370; x_wconf 83' lang='lat' dir='ltr'>cfr.</span> <span class='ocrx_word' id='word_1_224' title='bbox 1012 1351 1039 1369; x_wconf 91' lang='grc' dir='ltr'>ιι.</span> <span class='ocrx_word' id='word_1_225' title='bbox 1074 1340 1270 1377; x_wconf 77' lang='lat' dir='ltr'><strong>Sigismundus</strong></span> <span class='ocrx_word' id='word_1_226' title='bbox 1288 1349 1331 1368; x_wconf 86' lang='lat' dir='ltr'>cv.</span> <span class='ocrx_word' id='word_1_227' title='bbox 1348 1339 1383 1367; x_wconf 82' lang='lat' dir='ltr'><strong>de</strong></span> <span class='ocrx_word' id='word_1_228' title='bbox 1401 1339 1527 1372; x_wconf 75' lang='lat' dir='ltr'><strong>Secovia,</strong></span> <span class='ocrx_word' id='word_1_229' title='bbox 1551 1340 1599 1366; x_wconf 72' lang='lat' dir='ltr'>cfr.</span> <span class='ocrx_word' id='word_1_230' title='bbox 1613 1348 1640 1366; x_wconf 87' lang='grc' dir='ltr'>ιι.</span> <span class='ocrx_word' id='word_1_231' title='bbox 1676 1337 1843 1373; x_wconf 72' lang='lat' dir='ltr'>Wslpurgis</span> <span class='ocrx_word' id='word_1_232' title='bbox 1861 1337 1918 1365; x_wconf 76' lang='lat'>11:1²¹·</span> <span class='ocrx_word' id='word_1_233' title='bbox 1936 1337 1971 1367; x_wconf 80' lang='lat' dir='ltr'><strong>de</strong></span> <span class='ocrx_word' id='word_1_234' title='bbox 1989 1337 2023 1366; x_wconf 87' lang='lat' dir='ltr'>S⁰</span> 
     </span>
     <span class='ocr_line' id='line_1_23' title="bbox 672 1382 1687 1418; baseline -0.005 -4"><span class='ocrx_word' id='word_1_235' title='bbox 672 1387 775 1415; x_wconf 78' lang='lat' dir='ltr'><strong>Iacobo</strong></span> <span class='ocrx_word' id='word_1_236' title='bbox 793 1386 914 1418; x_wconf 86' lang='lat' dir='ltr'>Wienn.,</span> <span class='ocrx_word' id='word_1_237' title='bbox 933 1393 1037 1414; x_wconf 85' lang='lat' dir='ltr'>consor.</span> <span class='ocrx_word' id='word_1_238' title='bbox 1052 1394 1079 1412; x_wconf 90' lang='grc' dir='ltr'>ιι.</span> <span class='ocrx_word' id='word_1_239' title='bbox 1115 1384 1251 1412; x_wconf 73' lang='lat' dir='ltr'>Nicolaur.</span> <span class='ocrx_word' id='word_1_240' title='bbox 1269 1383 1304 1412; x_wconf 81' lang='lat' dir='ltr'><strong>de</strong></span> <span class='ocrx_word' id='word_1_241' title='bbox 1322 1383 1355 1410; x_wconf 80' lang='lat' dir='ltr'>S·</span> <span class='ocrx_word' id='word_1_242' title='bbox 1368 1383 1456 1411; x_wconf 78' lang='lat' dir='ltr'>eruce</span> <span class='ocrx_word' id='word_1_243' title='bbox 1474 1383 1536 1418; x_wconf 88' lang='lat' dir='ltr'>pbr.</span> <span class='ocrx_word' id='word_1_244' title='bbox 1549 1384 1578 1411; x_wconf 75' lang='lat' dir='ltr'><strong>et</strong></span> <span class='ocrx_word' id='word_1_245' title='bbox 1597 1382 1646 1410; x_wconf 79' lang='lat' dir='ltr'>cfr.</span> <span class='ocrx_word' id='word_1_246' title='bbox 1658 1391 1687 1409; x_wconf 85' lang='lat' dir='ltr'>n.</span> 
     </span>
    </p>
   </div>
   <div class='ocr_carea' id='block_1_8' title="bbox 373 1433 2028 1846">
    <p class='ocr_par' dir='ltr' id='par_1_8' title="bbox 373 1433 2028 1846">
     <span class='ocr_line' id='line_1_24' title="bbox 373 1433 2023 1482; baseline -0.006 -7"><span class='ocrx_word' id='word_1_247' title='bbox 373 1448 399 1476; x_wconf 87' lang='lat'>2.</span> <span class='ocrx_word' id='word_1_248' title='bbox 469 1447 515 1473; x_wconf 90' lang='lat' dir='ltr'>Vl.</span> <span class='ocrx_word' id='word_1_249' title='bbox 528 1454 592 1473; x_wconf 88' lang='lat' dir='ltr'>non.</span> <span class='ocrx_word' id='word_1_250' title='bbox 615 1441 825 1482; x_wconf 78' lang='lat' dir='ltr'><strong>Pilgrimus</strong></span> <span class='ocrx_word' id='word_1_251' title='bbox 848 1449 898 1471; x_wconf 79' lang='lat' dir='ltr'>cv.</span> <span class='ocrx_word' id='word_1_252' title='bbox 916 1442 954 1470; x_wconf 85' lang='lat' dir='ltr'><strong>et</strong></span> <span class='ocrx_word' id='word_1_253' title='bbox 976 1438 1018 1470; x_wconf 84' lang='lat' dir='ltr'>fr.</span> <span class='ocrx_word' id='word_1_254' title='bbox 1035 1449 1065 1470; x_wconf 92' lang='lat' dir='ltr'>n.</span> <span class='ocrx_word' id='word_1_255' title='bbox 1113 1436 1307 1481; x_wconf 82' lang='lat' dir='ltr'>[Albertus</span> <span class='ocrx_word' id='word_1_256' title='bbox 1329 1436 1428 1479; x_wconf 88' lang='lat' dir='ltr'>pleb.</span> <span class='ocrx_word' id='word_1_257' title='bbox 1446 1435 1491 1468; x_wconf 88' lang='lat' dir='ltr'><strong>de</strong></span> <span class='ocrx_word' id='word_1_258' title='bbox 1514 1435 1686 1476; x_wconf 85' lang='lat' dir='ltr'>Hurben‚</span> <span class='ocrx_word' id='word_1_259' title='bbox 1714 1434 1862 1467; x_wconf 82' lang='lat' dir='ltr'><strong>oblatio</strong></span> <span class='ocrx_word' id='word_1_260' title='bbox 1889 1436 1899 1465; x_wconf 91' lang='grc'><strong>1</strong></span> <span class='ocrx_word' id='word_1_261' title='bbox 1921 1433 1985 1466; x_wconf 77' lang='lat' dir='ltr'>tal.</span> <span class='ocrx_word' id='word_1_262' title='bbox 2000 1439 2023 1472; x_wconf 62' lang='grc' dir='ltr'>ο)</span> 
     </span>
     <span class='ocr_line' id='line_1_25' title="bbox 671 1485 2025 1530; baseline -0.005 -6"><span class='ocrx_word' id='word_1_263' title='bbox 671 1492 878 1524; x_wconf 89' lang='lat' dir='ltr'><strong>Heinricus</strong></span> <span class='ocrx_word' id='word_1_264' title='bbox 895 1490 1104 1522; x_wconf 77' lang='lat' dir='ltr'>Horlanter</span> <span class='ocrx_word' id='word_1_265' title='bbox 1120 1493 1158 1522; x_wconf 86' lang='lat' dir='ltr'><strong>et</strong></span> <span class='ocrx_word' id='word_1_266' title='bbox 1172 1499 1230 1522; x_wconf 85' lang='lat' dir='ltr'>ux.</span> <span class='ocrx_word' id='word_1_267' title='bbox 1248 1490 1329 1521; x_wconf 89' lang='lat' dir='ltr'><strong>eius</strong></span> <span class='ocrx_word' id='word_1_268' title='bbox 1345 1487 1632 1530; x_wconf 81' lang='lat' dir='ltr'><strong>Ohunegundis‚</strong></span> <span class='ocrx_word' id='word_1_269' title='bbox 1657 1486 1805 1518; x_wconf 81' lang='lat' dir='ltr'><strong>oblatio</strong></span> <span class='ocrx_word' id='word_1_270' title='bbox 1822 1487 1841 1518; x_wconf 87' lang='lat'><strong>6</strong></span> <span class='ocrx_word' id='word_1_271' title='bbox 1855 1486 1887 1527; x_wconf 89' lang='grc' dir='ltr'>β.</span> <span class='ocrx_word' id='word_1_272' title='bbox 1902 1485 2025 1518; x_wconf 89' lang='lat' dir='ltr'><strong>minus</strong></span> 
     </span>
     <span class='ocr_line' id='line_1_26' title="bbox 672 1536 2024 1580; baseline -0.005 -5"><span class='ocrx_word' id='word_1_273' title='bbox 672 1545 691 1575; x_wconf 83' lang='lat'><strong>2</strong></span> <span class='ocrx_word' id='word_1_274' title='bbox 710 1548 731 1579; x_wconf 69' lang='grc' dir='ltr'>ι),</span> <span class='ocrx_word' id='word_1_275' title='bbox 772 1542 969 1575; x_wconf 88' lang='lat' dir='ltr'>Fridricus</span> <span class='ocrx_word' id='word_1_276' title='bbox 993 1542 1118 1574; x_wconf 83' lang='lat' dir='ltr'><strong>dictus</strong></span> <span class='ocrx_word' id='word_1_277' title='bbox 1135 1541 1288 1574; x_wconf 77' lang='lat' dir='ltr'><strong>Stetuer</strong></span> <span class='ocrx_word' id='word_1_278' title='bbox 1311 1540 1391 1573; x_wconf 90' lang='lat' dir='ltr'>dec.</span> <span class='ocrx_word' id='word_1_279' title='bbox 1408 1539 1454 1572; x_wconf 86' lang='lat' dir='ltr'><strong>de</strong></span> <span class='ocrx_word' id='word_1_280' title='bbox 1471 1538 1512 1571; x_wconf 75' lang='lat'>8⁰</span> <span class='ocrx_word' id='word_1_281' title='bbox 1527 1538 1727 1580; x_wconf 76' lang='lat' dir='ltr'>Floriano,</span> <span class='ocrx_word' id='word_1_282' title='bbox 1751 1537 1815 1570; x_wconf 85' lang='lat' dir='ltr'>cfr.</span> <span class='ocrx_word' id='word_1_283' title='bbox 1831 1536 1876 1580; x_wconf 86' lang='lat' dir='ltr'>n.]</span> <span class='ocrx_word' id='word_1_284' title='bbox 1914 1536 1956 1569; x_wconf 88' lang='lat' dir='ltr'>D.</span> <span class='ocrx_word' id='word_1_285' title='bbox 1969 1536 2024 1569; x_wconf 88' lang='lat' dir='ltr'>Io-</span> 
     </span>
     <span class='ocr_line' id='line_1_27' title="bbox 673 1588 2025 1634; baseline -0.004 -7"><span class='ocrx_word' id='word_1_286' title='bbox 673 1596 797 1628; x_wconf 79' lang='lat' dir='ltr'><strong>hannes</strong></span> <span class='ocrx_word' id='word_1_287' title='bbox 820 1594 994 1626; x_wconf 87' lang='lat' dir='ltr'>Schreiber</span> <span class='ocrx_word' id='word_1_288' title='bbox 1020 1593 1061 1626; x_wconf 85' lang='lat' dir='ltr'><strong>de</strong></span> <span class='ocrx_word' id='word_1_289' title='bbox 1085 1593 1263 1626; x_wconf 81' lang='lat' dir='ltr'><strong>Novecella</strong></span> <span class='ocrx_word' id='word_1_290' title='bbox 1287 1592 1373 1634; x_wconf 91' lang='lat' dir='ltr'>pbr.‚</span> <span class='ocrx_word' id='word_1_291' title='bbox 1403 1591 1460 1624; x_wconf 82' lang='lat' dir='ltr'>cfr.</span> <span class='ocrx_word' id='word_1_292' title='bbox 1480 1602 1510 1622; x_wconf 90' lang='grc' dir='ltr'>ιι.</span> <span class='ocrx_word' id='word_1_293' title='bbox 1560 1590 1752 1623; x_wconf 79' lang='lat' dir='ltr'>Ghunradus</span> <span class='ocrx_word' id='word_1_294' title='bbox 1775 1600 1817 1622; x_wconf 91' lang='lat' dir='ltr'>m.</span> <span class='ocrx_word' id='word_1_295' title='bbox 1841 1593 1874 1622; x_wconf 81' lang='lat' dir='ltr'><strong>et</strong></span> <span class='ocrx_word' id='word_1_296' title='bbox 1896 1599 1960 1622; x_wconf 74' lang='lat' dir='ltr'>sac.</span> <span class='ocrx_word' id='word_1_297' title='bbox 1983 1588 2025 1621; x_wconf 82' lang='lat' dir='ltr'><strong>de</strong></span> 
     </span>
     <span class='ocr_line' id='line_1_28' title="bbox 674 1640 2025 1689; baseline -0.004 -10"><span class='ocrx_word' id='word_1_298' title='bbox 674 1648 958 1689; x_wconf 79' lang='lat' dir='ltr'>Paugartenperg,</span> <span class='ocrx_word' id='word_1_299' title='bbox 989 1646 1045 1678; x_wconf 85' lang='lat' dir='ltr'>cfr.</span> <span class='ocrx_word' id='word_1_300' title='bbox 1062 1657 1092 1677; x_wconf 90' lang='grc' dir='ltr'>ιι.</span> <span class='ocrx_word' id='word_1_301' title='bbox 1138 1644 1301 1677; x_wconf 79' lang='lat' dir='ltr'>Fridricus</span> <span class='ocrx_word' id='word_1_302' title='bbox 1317 1644 1478 1676; x_wconf 79' lang='lat' dir='ltr'><strong>Wisarius</strong></span> <span class='ocrx_word' id='word_1_303' title='bbox 1501 1642 1542 1675; x_wconf 86' lang='lat' dir='ltr'><strong>de</strong></span> <span class='ocrx_word' id='word_1_304' title='bbox 1567 1642 1604 1674; x_wconf 80' lang='lat'>8⁰</span> <span class='ocrx_word' id='word_1_305' title='bbox 1618 1642 1753 1674; x_wconf 78' lang='lat' dir='ltr'>Andrea</span> <span class='ocrx_word' id='word_1_306' title='bbox 1775 1641 1846 1684; x_wconf 91' lang='lat' dir='ltr'>pbr.</span> <span class='ocrx_word' id='word_1_307' title='bbox 1863 1643 1896 1673; x_wconf 85' lang='lat' dir='ltr'><strong>et</strong></span> <span class='ocrx_word' id='word_1_308' title='bbox 1921 1640 1977 1674; x_wconf 83' lang='lat' dir='ltr'>cfr.</span> <span class='ocrx_word' id='word_1_309' title='bbox 1993 1651 2025 1674; x_wconf 90' lang='grc' dir='ltr'>ιι.</span> 
     </span>
     <span class='ocr_line' id='line_1_29' title="bbox 674 1693 2026 1739; baseline -0.005 -7"><span class='ocrx_word' id='word_1_310' title='bbox 674 1699 887 1732; x_wconf 81' lang='lat' dir='ltr'>Marchardus</span> <span class='ocrx_word' id='word_1_311' title='bbox 918 1709 965 1730; x_wconf 88' lang='lat' dir='ltr'>cv.</span> <span class='ocrx_word' id='word_1_312' title='bbox 989 1704 1018 1729; x_wconf 77' lang='lat' dir='ltr'><strong>s⁸</strong></span> <span class='ocrx_word' id='word_1_313' title='bbox 1041 1698 1143 1730; x_wconf 70' lang='grc' dir='ltr'><strong>Μαι-ιθ</strong></span> <span class='ocrx_word' id='word_1_314' title='bbox 1167 1697 1298 1739; x_wconf 87' lang='lat' dir='ltr'><strong>virginis</strong></span> <span class='ocrx_word' id='word_1_315' title='bbox 1325 1697 1356 1728; x_wconf 89' lang='lat' dir='ltr'><strong>in</strong></span> <span class='ocrx_word' id='word_1_316' title='bbox 1380 1695 1505 1738; x_wconf 81' lang='lat' dir='ltr'>Campo</span> <span class='ocrx_word' id='word_1_317' title='bbox 1529 1695 1683 1734; x_wconf 87' lang='lat' dir='ltr'>liliorum,</span> <span class='ocrx_word' id='word_1_318' title='bbox 1714 1693 1770 1726; x_wconf 84' lang='lat' dir='ltr'>cfr.</span> <span class='ocrx_word' id='word_1_319' title='bbox 1790 1704 1820 1725; x_wconf 94' lang='lat' dir='ltr'>n.</span> <span class='ocrx_word' id='word_1_320' title='bbox 1870 1693 2026 1726; x_wconf 78' lang='lat' dir='ltr'>Albertus</span> 
     </span>
     <span class='ocr_line' id='line_1_30' title="bbox 674 1745 2025 1791; baseline -0.004 -8"><span class='ocrx_word' id='word_1_321' title='bbox 674 1762 738 1783; x_wconf 81' lang='lat' dir='ltr'>sac.</span> <span class='ocrx_word' id='word_1_322' title='bbox 760 1755 793 1783; x_wconf 82' lang='lat' dir='ltr'><strong>et</strong></span> <span class='ocrx_word' id='word_1_323' title='bbox 815 1761 873 1791; x_wconf 86' lang='lat' dir='ltr'>m.‚</span> <span class='ocrx_word' id='word_1_324' title='bbox 903 1761 967 1782; x_wconf 75' lang='lat' dir='ltr'>sac.</span> <span class='ocrx_word' id='word_1_325' title='bbox 990 1750 1030 1782; x_wconf 85' lang='lat' dir='ltr'><strong>de</strong></span> <span class='ocrx_word' id='word_1_326' title='bbox 1055 1749 1337 1782; x_wconf 79' lang='lat' dir='ltr'>Ohremsmunster</span> <span class='ocrx_word' id='word_1_327' title='bbox 1364 1751 1397 1779; x_wconf 81' lang='lat' dir='ltr'><strong>et</strong></span> <span class='ocrx_word' id='word_1_328' title='bbox 1419 1748 1476 1779; x_wconf 85' lang='lat' dir='ltr'>cfr.</span> <span class='ocrx_word' id='word_1_329' title='bbox 1493 1758 1523 1779; x_wconf 90' lang='lat' dir='ltr'>n.</span> <span class='ocrx_word' id='word_1_330' title='bbox 1569 1745 1730 1788; x_wconf 80' lang='lat' dir='ltr'><strong>Georgius</strong></span> <span class='ocrx_word' id='word_1_331' title='bbox 1754 1745 1795 1777; x_wconf 88' lang='lat' dir='ltr'><strong>de</strong></span> <span class='ocrx_word' id='word_1_332' title='bbox 1819 1745 2025 1787; x_wconf 81' lang='lat' dir='ltr'><strong>Tegernnsee</strong></span> 
     </span>
     <span class='ocr_line' id='line_1_31' title="bbox 674 1796 2028 1846; baseline -0.006 -10"><span class='ocrx_word' id='word_1_333' title='bbox 674 1804 744 1846; x_wconf 85' lang='lat' dir='ltr'>pbr.</span> <span class='ocrx_word' id='word_1_334' title='bbox 762 1808 796 1836; x_wconf 86' lang='lat' dir='ltr'><strong>et</strong></span> <span class='ocrx_word' id='word_1_335' title='bbox 818 1803 875 1835; x_wconf 80' lang='lat' dir='ltr'>cfr.</span> <span class='ocrx_word' id='word_1_336' title='bbox 892 1814 922 1834; x_wconf 91' lang='lat' dir='ltr'>n.</span> <span class='ocrx_word' id='word_1_337' title='bbox 943 1804 1033 1834; x_wconf 79' lang='lat'>1453.</span> <span class='ocrx_word' id='word_1_338' title='bbox 1081 1801 1242 1833; x_wconf 83' lang='lat' dir='ltr'><strong>Iohannes</strong></span> <span class='ocrx_word' id='word_1_339' title='bbox 1265 1800 1398 1832; x_wconf 78' lang='lat' dir='ltr'>Ramler</span> <span class='ocrx_word' id='word_1_340' title='bbox 1421 1799 1453 1830; x_wconf 87' lang='lat' dir='ltr'><strong>in</strong></span> <span class='ocrx_word' id='word_1_341' title='bbox 1476 1798 1544 1830; x_wconf 84' lang='lat' dir='ltr'>Ror</span> <span class='ocrx_word' id='word_1_342' title='bbox 1567 1798 1637 1840; x_wconf 90' lang='lat' dir='ltr'>pbr.</span> <span class='ocrx_word' id='word_1_343' title='bbox 1654 1801 1687 1829; x_wconf 83' lang='lat' dir='ltr'><strong>et</strong></span> <span class='ocrx_word' id='word_1_344' title='bbox 1709 1797 1766 1829; x_wconf 86' lang='lat' dir='ltr'>cfr.</span> <span class='ocrx_word' id='word_1_345' title='bbox 1782 1808 1812 1829; x_wconf 92' lang='grc' dir='ltr'>ιι.</span> <span class='ocrx_word' id='word_1_346' title='bbox 1858 1796 2028 1830; x_wconf 77' lang='lat' dir='ltr'>Eckardus</span> 
     </span>
    </p>
   </div>
   <div class='ocr_carea' id='block_1_9' title="bbox 676 1848 2026 1896">
    <p class='ocr_par' dir='ltr' id='par_1_9' title="bbox 676 1848 2026 1896">
     <span class='ocr_line' id='line_1_32' title="bbox 676 1848 2026 1896; baseline -0.005 -9"><span class='ocrx_word' id='word_1_347' title='bbox 676 1856 745 1888; x_wconf 88' lang='lat' dir='ltr'>dec.</span> <span class='ocrx_word' id='word_1_348' title='bbox 768 1855 808 1886; x_wconf 86' lang='lat' dir='ltr'><strong>de</strong></span> <span class='ocrx_word' id='word_1_349' title='bbox 832 1854 1087 1896; x_wconf 57' lang='lat' dir='ltr'>Reicherwerg,</span> <span class='ocrx_word' id='word_1_350' title='bbox 1119 1853 1174 1885; x_wconf 85' lang='lat' dir='ltr'>cfr.</span> <span class='ocrx_word' id='word_1_351' title='bbox 1192 1864 1221 1885; x_wconf 92' lang='lat' dir='ltr'>n.</span> <span class='ocrx_word' id='word_1_352' title='bbox 1268 1852 1320 1884; x_wconf 81' lang='lat' dir='ltr'>Fr.</span> <span class='ocrx_word' id='word_1_353' title='bbox 1339 1850 1475 1883; x_wconf 79' lang='lat' dir='ltr'>Gabriel</span> <span class='ocrx_word' id='word_1_354' title='bbox 1505 1850 1546 1882; x_wconf 89' lang='lat' dir='ltr'><strong>de</strong></span> <span class='ocrx_word' id='word_1_355' title='bbox 1570 1849 1747 1892; x_wconf 82' lang='lat' dir='ltr'><strong>Witignaw</strong></span> <span class='ocrx_word' id='word_1_356' title='bbox 1773 1849 1843 1891; x_wconf 89' lang='lat' dir='ltr'>pbr.</span> <span class='ocrx_word' id='word_1_357' title='bbox 1867 1851 1900 1881; x_wconf 85' lang='lat' dir='ltr'><strong>et</strong></span> <span class='ocrx_word' id='word_1_358' title='bbox 1922 1848 1979 1881; x_wconf 82' lang='lat' dir='ltr'>cfr.</span> <span class='ocrx_word' id='word_1_359' title='bbox 1995 1859 2026 1880; x_wconf 92' lang='grc' dir='ltr'>ιι.</span> 
     </span>
    </p>
   </div>
   <div class='ocr_carea' id='block_1_10' title="bbox 676 1899 2029 1983">
    <p class='ocr_par' dir='ltr' id='par_1_10' title="bbox 676 1899 2029 1983">
     <span class='ocr_line' id='line_1_33' title="bbox 676 1899 2029 1940; baseline -0.006 -6"><span class='ocrx_word' id='word_1_360' title='bbox 676 1907 708 1934; x_wconf 92' lang='lat' dir='ltr'>D.</span> <span class='ocrx_word' id='word_1_361' title='bbox 724 1906 858 1934; x_wconf 77' lang='lat' dir='ltr'><strong>Nicolaus</strong></span> <span class='ocrx_word' id='word_1_362' title='bbox 871 1906 932 1940; x_wconf 85' lang='lat' dir='ltr'>pbr.</span> <span class='ocrx_word' id='word_1_363' title='bbox 945 1905 980 1933; x_wconf 88' lang='lat' dir='ltr'><strong>de</strong></span> <span class='ocrx_word' id='word_1_364' title='bbox 994 1905 1095 1936; x_wconf 77' lang='lat' dir='ltr'><strong>Vomu,</strong></span> <span class='ocrx_word' id='word_1_365' title='bbox 1114 1904 1163 1932; x_wconf 84' lang='lat' dir='ltr'>cfr.</span> <span class='ocrx_word' id='word_1_366' title='bbox 1177 1913 1203 1932; x_wconf 91' lang='grc' dir='ltr'>ιι.</span> <span class='ocrx_word' id='word_1_367' title='bbox 1239 1903 1272 1930; x_wconf 93' lang='lat' dir='ltr'>D.</span> <span class='ocrx_word' id='word_1_368' title='bbox 1285 1902 1408 1930; x_wconf 77' lang='lat' dir='ltr'><strong>Thomas</strong></span> <span class='ocrx_word' id='word_1_369' title='bbox 1420 1901 1454 1928; x_wconf 88' lang='lat' dir='ltr'><strong>de</strong></span> <span class='ocrx_word' id='word_1_370' title='bbox 1467 1901 1572 1929; x_wconf 74' lang='lat' dir='ltr'><strong>Zwetel</strong></span> <span class='ocrx_word' id='word_1_371' title='bbox 1586 1900 1646 1935; x_wconf 80' lang='lat' dir='ltr'>pbr.</span> <span class='ocrx_word' id='word_1_372' title='bbox 1659 1902 1689 1928; x_wconf 76' lang='lat' dir='ltr'><strong>et</strong></span> <span class='ocrx_word' id='word_1_373' title='bbox 1701 1900 1751 1927; x_wconf 84' lang='lat' dir='ltr'>cfr.</span> <span class='ocrx_word' id='word_1_374' title='bbox 1763 1909 1790 1927; x_wconf 90' lang='grc' dir='ltr'>ιι.</span> <span class='ocrx_word' id='word_1_375' title='bbox 1825 1900 1858 1927; x_wconf 90' lang='lat' dir='ltr'>D.</span> <span class='ocrx_word' id='word_1_376' title='bbox 1871 1899 2029 1927; x_wconf 74' lang='lat' dir='ltr'>Ber-nardus</span> 
     </span>
     <span class='ocr_line' id='line_1_34' title="bbox 676 1943 1863 1983; baseline -0.006 -6"><span class='ocrx_word' id='word_1_377' title='bbox 676 1950 711 1977; x_wconf 88' lang='lat' dir='ltr'><strong>de</strong></span> <span class='ocrx_word' id='word_1_378' title='bbox 730 1950 762 1977; x_wconf 88' lang='lat' dir='ltr'>S·</span> <span class='ocrx_word' id='word_1_379' title='bbox 777 1949 865 1976; x_wconf 79' lang='lat' dir='ltr'>Cruce</span> <span class='ocrx_word' id='word_1_380' title='bbox 883 1949 945 1983; x_wconf 87' lang='lat' dir='ltr'>pbr.</span> <span class='ocrx_word' id='word_1_381' title='bbox 959 1950 988 1976; x_wconf 76' lang='lat' dir='ltr'><strong>et</strong></span> <span class='ocrx_word' id='word_1_382' title='bbox 1006 1948 1055 1975; x_wconf 83' lang='lat' dir='ltr'>cfr.</span> <span class='ocrx_word' id='word_1_383' title='bbox 1068 1957 1095 1975; x_wconf 85' lang='lat' dir='ltr'>n.</span> <span class='ocrx_word' id='word_1_384' title='bbox 1131 1946 1280 1974; x_wconf 81' lang='lat' dir='ltr'><strong>Hainricns</strong></span> <span class='ocrx_word' id='word_1_385' title='bbox 1299 1954 1360 1973; x_wconf 73' lang='lat' dir='ltr'>can.</span> <span class='ocrx_word' id='word_1_386' title='bbox 1374 1944 1402 1972; x_wconf 87' lang='lat' dir='ltr'><strong>in</strong></span> <span class='ocrx_word' id='word_1_387' title='bbox 1421 1944 1633 1978; x_wconf 78' lang='lat' dir='ltr'>Herczowurga,</span> <span class='ocrx_word' id='word_1_388' title='bbox 1652 1943 1714 1978; x_wconf 85' lang='lat' dir='ltr'>pbr.</span> <span class='ocrx_word' id='word_1_389' title='bbox 1727 1945 1756 1971; x_wconf 85' lang='lat' dir='ltr'><strong>et</strong></span> <span class='ocrx_word' id='word_1_390' title='bbox 1774 1943 1822 1970; x_wconf 81' lang='lat' dir='ltr'>cfr.</span> <span class='ocrx_word' id='word_1_391' title='bbox 1835 1951 1863 1970; x_wconf 91' lang='lat' dir='ltr'>n.</span> 
     </span>
    </p>
   </div>
   <div class='ocr_carea' id='block_1_11' title="bbox 378 1994 2032 2509">
    <p class='ocr_par' dir='ltr' id='par_1_11' title="bbox 378 1994 2032 2509">
     <span class='ocr_line' id='line_1_35' title="bbox 378 1994 2028 2041; baseline -0.007 -4"><span class='ocrx_word' id='word_1_392' title='bbox 378 2011 403 2038; x_wconf 85' lang='lat'>3.</span> <span class='ocrx_word' id='word_1_393' title='bbox 489 2009 522 2036; x_wconf 92' lang='lat' dir='ltr'>V.</span> <span class='ocrx_word' id='word_1_394' title='bbox 535 2017 600 2036; x_wconf 87' lang='lat' dir='ltr'>non.</span> <span class='ocrx_word' id='word_1_395' title='bbox 624 2003 832 2035; x_wconf 83' lang='lat' dir='ltr'><strong>Heinricus</strong></span> <span class='ocrx_word' id='word_1_396' title='bbox 855 2012 906 2033; x_wconf 87' lang='lat' dir='ltr'>cv.</span> <span class='ocrx_word' id='word_1_397' title='bbox 931 2005 969 2033; x_wconf 85' lang='lat' dir='ltr'><strong>et</strong></span> <span class='ocrx_word' id='word_1_398' title='bbox 992 2001 1034 2032; x_wconf 91' lang='lat' dir='ltr'>fr.</span> <span class='ocrx_word' id='word_1_399' title='bbox 1050 2011 1080 2032; x_wconf 92' lang='grc' dir='ltr'>ιι.</span> <span class='ocrx_word' id='word_1_400' title='bbox 1131 1999 1334 2041; x_wconf 87' lang='lat' dir='ltr'><strong>Ruegerus</strong></span> <span class='ocrx_word' id='word_1_401' title='bbox 1356 2007 1460 2040; x_wconf 64' lang='lat' dir='ltr'>ppos».</span> <span class='ocrx_word' id='word_1_402' title='bbox 1485 1997 1521 2027; x_wconf 87' lang='lat' dir='ltr'><strong>in</strong></span> <span class='ocrx_word' id='word_1_403' title='bbox 1544 1994 1738 2037; x_wconf 53' lang='lat' dir='ltr'>Mauras),</span> <span class='ocrx_word' id='word_1_404' title='bbox 1770 1995 1849 2037; x_wconf 92' lang='lat' dir='ltr'>pbr.</span> <span class='ocrx_word' id='word_1_405' title='bbox 1873 1997 1909 2027; x_wconf 84' lang='lat' dir='ltr'><strong>et</strong></span> <span class='ocrx_word' id='word_1_406' title='bbox 1938 1994 1980 2026; x_wconf 84' lang='lat' dir='ltr'>fr.</span> <span class='ocrx_word' id='word_1_407' title='bbox 1996 2004 2028 2026; x_wconf 87' lang='grc' dir='ltr'>ιι.</span> 
     </span>
     <span class='ocr_line' id='line_1_36' title="bbox 676 2046 2028 2097; baseline -0.006 -12"><span class='ocrx_word' id='word_1_408' title='bbox 676 2053 905 2097; x_wconf 77' lang='lat' dir='ltr'><strong>[Ruedolfus</strong></span> <span class='ocrx_word' id='word_1_409' title='bbox 933 2052 977 2084; x_wconf 84' lang='lat' dir='ltr'><strong>de</strong></span> <span class='ocrx_word' id='word_1_410' title='bbox 1002 2051 1362 2084; x_wconf 84' lang='lat' dir='ltr'>Chremsmuenster</span> <span class='ocrx_word' id='word_1_411' title='bbox 1390 2048 1466 2091; x_wconf 91' lang='lat' dir='ltr'>pbr.</span> <span class='ocrx_word' id='word_1_412' title='bbox 1490 2051 1528 2079; x_wconf 84' lang='lat' dir='ltr'><strong>et</strong></span> <span class='ocrx_word' id='word_1_413' title='bbox 1555 2047 1619 2079; x_wconf 80' lang='lat' dir='ltr'>cfr.</span> <span class='ocrx_word' id='word_1_414' title='bbox 1636 2058 1667 2079; x_wconf 92' lang='lat' dir='ltr'>n.</span> <span class='ocrx_word' id='word_1_415' title='bbox 1712 2046 1929 2088; x_wconf 80' lang='lat' dir='ltr'>Ruepertus</span> <span class='ocrx_word' id='word_1_416' title='bbox 1956 2055 2028 2078; x_wconf 76' lang='lat' dir='ltr'>sac.</span> 
     </span>
     <span class='ocr_line' id='line_1_37' title="bbox 679 2096 2030 2146; baseline -0.007 -8"><span class='ocrx_word' id='word_1_417' title='bbox 679 2111 716 2138; x_wconf 85' lang='lat' dir='ltr'><strong>et</strong></span> <span class='ocrx_word' id='word_1_418' title='bbox 738 2117 779 2138; x_wconf 90' lang='lat' dir='ltr'>m.</span> <span class='ocrx_word' id='word_1_419' title='bbox 797 2111 829 2137; x_wconf 70' lang='lat'>80</span> <span class='ocrx_word' id='word_1_420' title='bbox 845 2105 965 2137; x_wconf 79' lang='lat' dir='ltr'>Marie</span> <span class='ocrx_word' id='word_1_421' title='bbox 982 2105 1141 2146; x_wconf 87' lang='lat' dir='ltr'><strong>virginis</strong></span> <span class='ocrx_word' id='word_1_422' title='bbox 1164 2103 1200 2134; x_wconf 90' lang='lat' dir='ltr'><strong>in</strong></span> <span class='ocrx_word' id='word_1_423' title='bbox 1216 2102 1576 2143; x_wconf 78' lang='lat' dir='ltr'>Paungartenperg,</span> <span class='ocrx_word' id='word_1_424' title='bbox 1600 2099 1665 2131; x_wconf 89' lang='lat' dir='ltr'>cfr.</span> <span class='ocrx_word' id='word_1_425' title='bbox 1681 2110 1711 2130; x_wconf 92' lang='lat' dir='ltr'>n.</span> <span class='ocrx_word' id='word_1_426' title='bbox 1756 2097 1961 2140; x_wconf 80' lang='lat' dir='ltr'><strong>Mychahel</strong></span> <span class='ocrx_word' id='word_1_427' title='bbox 1983 2096 2030 2129; x_wconf 81' lang='lat' dir='ltr'><strong>de</strong></span> 
     </span>
     <span class='ocr_line' id='line_1_38' title="bbox 676 2148 2029 2199; baseline -0.007 -9"><span class='ocrx_word' id='word_1_428' title='bbox 676 2158 808 2190; x_wconf 80' lang='lat' dir='ltr'>Varaw</span> <span class='ocrx_word' id='word_1_429' title='bbox 838 2157 916 2199; x_wconf 87' lang='lat' dir='ltr'>pbr.</span> <span class='ocrx_word' id='word_1_430' title='bbox 940 2160 978 2188; x_wconf 87' lang='lat' dir='ltr'><strong>et</strong></span> <span class='ocrx_word' id='word_1_431' title='bbox 1006 2156 1070 2187; x_wconf 89' lang='lat' dir='ltr'>cfr.</span> <span class='ocrx_word' id='word_1_432' title='bbox 1088 2166 1118 2187; x_wconf 92' lang='grc' dir='ltr'>ιι.</span> <span class='ocrx_word' id='word_1_433' title='bbox 1163 2154 1417 2196; x_wconf 79' lang='lat' dir='ltr'><strong>Wolfgangus</strong></span> <span class='ocrx_word' id='word_1_434' title='bbox 1440 2152 1535 2183; x_wconf 77' lang='lat' dir='ltr'>diac.</span> <span class='ocrx_word' id='word_1_435' title='bbox 1558 2151 1603 2183; x_wconf 88' lang='lat' dir='ltr'><strong>de</strong></span> <span class='ocrx_word' id='word_1_436' title='bbox 1627 2150 1668 2182; x_wconf 84' lang='lat' dir='ltr'>S0</span> <span class='ocrx_word' id='word_1_437' title='bbox 1690 2150 1886 2191; x_wconf 79' lang='lat' dir='ltr'>Floriano,</span> <span class='ocrx_word' id='word_1_438' title='bbox 1917 2148 1981 2181; x_wconf 79' lang='lat' dir='ltr'>cfr.</span> <span class='ocrx_word' id='word_1_439' title='bbox 1998 2159 2029 2180; x_wconf 95' lang='lat' dir='ltr'>n.</span> 
     </span>
     <span class='ocr_line' id='line_1_39' title="bbox 679 2201 2031 2251; baseline -0.007 -10"><span class='ocrx_word' id='word_1_440' title='bbox 679 2209 834 2241; x_wconf 87' lang='lat' dir='ltr'>Ul&#39;ricus</span> <span class='ocrx_word' id='word_1_441' title='bbox 857 2211 1098 2251; x_wconf 80' lang='lat' dir='ltr'>procurator,</span> <span class='ocrx_word' id='word_1_442' title='bbox 1121 2206 1210 2248; x_wconf 62' lang='lat' dir='ltr'>pbr„</span> <span class='ocrx_word' id='word_1_443' title='bbox 1235 2205 1276 2238; x_wconf 84' lang='lat' dir='ltr'>fr.</span> <span class='ocrx_word' id='word_1_444' title='bbox 1293 2216 1324 2236; x_wconf 92' lang='lat' dir='ltr'>n.</span> <span class='ocrx_word' id='word_1_445' title='bbox 1362 2204 1614 2237; x_wconf 79' lang='lat' dir='ltr'><strong>Ghristannus</strong></span> <span class='ocrx_word' id='word_1_446' title='bbox 1636 2213 1749 2234; x_wconf 88' lang='lat' dir='ltr'><strong>cocus</strong></span> <span class='ocrx_word' id='word_1_447' title='bbox 1765 2213 1796 2233; x_wconf 91' lang='lat' dir='ltr'>n.</span> <span class='ocrx_word' id='word_1_448' title='bbox 1834 2201 2031 2239; x_wconf 72' lang='lat' dir='ltr'><strong>christina</strong></span> 
     </span>
     <span class='ocr_line' id='line_1_40' title="bbox 678 2252 2030 2303; baseline -0.007 -10"><span class='ocrx_word' id='word_1_449' title='bbox 678 2272 748 2293; x_wconf 86' lang='lat' dir='ltr'>sor.</span> <span class='ocrx_word' id='word_1_450' title='bbox 773 2260 816 2303; x_wconf 89' lang='lat' dir='ltr'>n.]</span> <span class='ocrx_word' id='word_1_451' title='bbox 869 2260 1018 2292; x_wconf 77' lang='lat' dir='ltr'>Andreas</span> <span class='ocrx_word' id='word_1_452' title='bbox 1048 2259 1090 2291; x_wconf 88' lang='lat' dir='ltr'><strong>de</strong></span> <span class='ocrx_word' id='word_1_453' title='bbox 1119 2258 1157 2290; x_wconf 72' lang='lat'>8⁸</span> <span class='ocrx_word' id='word_1_454' title='bbox 1179 2257 1283 2290; x_wconf 81' lang='lat' dir='ltr'><strong>cruce</strong></span> <span class='ocrx_word' id='word_1_455' title='bbox 1314 2256 1384 2298; x_wconf 90' lang='lat' dir='ltr'>pbr.</span> <span class='ocrx_word' id='word_1_456' title='bbox 1409 2258 1443 2287; x_wconf 80' lang='lat' dir='ltr'><strong>et</strong></span> <span class='ocrx_word' id='word_1_457' title='bbox 1471 2255 1526 2287; x_wconf 85' lang='lat' dir='ltr'>cfr.</span> <span class='ocrx_word' id='word_1_458' title='bbox 1549 2266 1578 2286; x_wconf 90' lang='lat' dir='ltr'>n.</span> <span class='ocrx_word' id='word_1_459' title='bbox 1629 2254 1792 2287; x_wconf 81' lang='lat' dir='ltr'><strong>christina</strong></span> <span class='ocrx_word' id='word_1_460' title='bbox 1814 2253 1958 2285; x_wconf 83' lang='lat' dir='ltr'>Murarin</span> <span class='ocrx_word' id='word_1_461' title='bbox 1988 2252 2030 2284; x_wconf 87' lang='lat' dir='ltr'><strong>de</strong></span> 
     </span>
     <span class='ocr_line' id='line_1_41' title="bbox 678 2303 2029 2355; baseline -0.007 -10"><span class='ocrx_word' id='word_1_462' title='bbox 678 2312 988 2355; x_wconf 79' lang='lat' dir='ltr'><strong>Berichtersgaden‚</strong></span> <span class='ocrx_word' id='word_1_463' title='bbox 1018 2322 1142 2343; x_wconf 81' lang='lat' dir='ltr'>consor.</span> <span class='ocrx_word' id='word_1_464' title='bbox 1164 2321 1195 2342; x_wconf 93' lang='lat' dir='ltr'>n.</span> <span class='ocrx_word' id='word_1_465' title='bbox 1240 2309 1402 2341; x_wconf 80' lang='lat' dir='ltr'><strong>Iohannes</strong></span> <span class='ocrx_word' id='word_1_466' title='bbox 1424 2307 1578 2349; x_wconf 76' lang='lat' dir='ltr'>Feystrer</span> <span class='ocrx_word' id='word_1_467' title='bbox 1605 2316 1653 2338; x_wconf 82' lang='lat' dir='ltr'>ac.</span> <span class='ocrx_word' id='word_1_468' title='bbox 1674 2305 1715 2337; x_wconf 88' lang='lat' dir='ltr'><strong>de</strong></span> <span class='ocrx_word' id='word_1_469' title='bbox 1740 2305 1890 2345; x_wconf 80' lang='lat' dir='ltr'><strong>Secovia,</strong></span> <span class='ocrx_word' id='word_1_470' title='bbox 1921 2303 1976 2336; x_wconf 80' lang='lat' dir='ltr'>cfr.</span> <span class='ocrx_word' id='word_1_471' title='bbox 1998 2314 2029 2336; x_wconf 92' lang='lat' dir='ltr'>n.</span> 
     </span>
     <span class='ocr_line' id='line_1_42' title="bbox 681 2354 2030 2407; baseline -0.007 -10"><span class='ocrx_word' id='word_1_472' title='bbox 681 2365 882 2407; x_wconf 80' lang='lat' dir='ltr'><strong>Pangracius</strong></span> <span class='ocrx_word' id='word_1_473' title='bbox 905 2364 946 2395; x_wconf 86' lang='lat' dir='ltr'><strong>de</strong></span> <span class='ocrx_word' id='word_1_474' title='bbox 970 2363 1144 2395; x_wconf 83' lang='lat' dir='ltr'><strong>Goettbico</strong></span> <span class='ocrx_word' id='word_1_475' title='bbox 1168 2361 1238 2404; x_wconf 91' lang='lat' dir='ltr'>pbr.</span> <span class='ocrx_word' id='word_1_476' title='bbox 1261 2364 1294 2392; x_wconf 87' lang='lat' dir='ltr'><strong>et</strong></span> <span class='ocrx_word' id='word_1_477' title='bbox 1316 2360 1373 2391; x_wconf 82' lang='lat' dir='ltr'>cfr.</span> <span class='ocrx_word' id='word_1_478' title='bbox 1394 2370 1424 2390; x_wconf 90' lang='lat'>11.</span> <span class='ocrx_word' id='word_1_479' title='bbox 1470 2357 1623 2390; x_wconf 83' lang='lat' dir='ltr'><strong>Nicolaus</strong></span> <span class='ocrx_word' id='word_1_480' title='bbox 1646 2368 1689 2389; x_wconf 91' lang='lat' dir='ltr'>m.</span> <span class='ocrx_word' id='word_1_481' title='bbox 1711 2356 1751 2388; x_wconf 88' lang='lat' dir='ltr'><strong>de</strong></span> <span class='ocrx_word' id='word_1_482' title='bbox 1775 2355 1813 2388; x_wconf 81' lang='lat' dir='ltr'>S·</span> <span class='ocrx_word' id='word_1_483' title='bbox 1833 2355 1936 2388; x_wconf 81' lang='lat' dir='ltr'><strong>cruce</strong></span> <span class='ocrx_word' id='word_1_484' title='bbox 1959 2354 2030 2397; x_wconf 88' lang='lat' dir='ltr'>pbr.</span> 
     </span>
     <span class='ocr_line' id='line_1_43' title="bbox 681 2405 2031 2453; baseline -0.008 -4"><span class='ocrx_word' id='word_1_485' title='bbox 681 2420 714 2448; x_wconf 78' lang='lat' dir='ltr'><strong>et</strong></span> <span class='ocrx_word' id='word_1_486' title='bbox 737 2417 793 2448; x_wconf 88' lang='lat' dir='ltr'>cfr.</span> <span class='ocrx_word' id='word_1_487' title='bbox 810 2428 840 2448; x_wconf 89' lang='grc' dir='ltr'>ιι.</span> <span class='ocrx_word' id='word_1_488' title='bbox 887 2414 1095 2447; x_wconf 84' lang='lat' dir='ltr'><strong>Theobaldus</strong></span> <span class='ocrx_word' id='word_1_489' title='bbox 1118 2413 1159 2445; x_wconf 88' lang='lat' dir='ltr'><strong>de</strong></span> <span class='ocrx_word' id='word_1_490' title='bbox 1176 2413 1306 2445; x_wconf 86' lang='lat' dir='ltr'><strong>Mellico</strong></span> <span class='ocrx_word' id='word_1_491' title='bbox 1330 2411 1400 2453; x_wconf 86' lang='lat' dir='ltr'>pbr.</span> <span class='ocrx_word' id='word_1_492' title='bbox 1418 2414 1451 2442; x_wconf 83' lang='lat' dir='ltr'><strong>et</strong></span> <span class='ocrx_word' id='word_1_493' title='bbox 1471 2410 1527 2442; x_wconf 82' lang='lat' dir='ltr'>cfr.</span> <span class='ocrx_word' id='word_1_494' title='bbox 1544 2420 1574 2441; x_wconf 93' lang='lat' dir='ltr'>n.</span> <span class='ocrx_word' id='word_1_495' title='bbox 1614 2408 1802 2441; x_wconf 72' lang='lat' dir='ltr'><strong>Vincentius</strong></span> <span class='ocrx_word' id='word_1_496' title='bbox 1817 2419 1859 2440; x_wconf 93' lang='lat' dir='ltr'>m.</span> <span class='ocrx_word' id='word_1_497' title='bbox 1877 2407 1918 2439; x_wconf 88' lang='lat' dir='ltr'><strong>de</strong></span> <span class='ocrx_word' id='word_1_498' title='bbox 1935 2405 2031 2439; x_wconf 82' lang='lat' dir='ltr'><strong>Gott-</strong></span> 
     </span>
     <span class='ocr_line' id='line_1_44' title="bbox 681 2459 2032 2509; baseline -0.007 -9"><span class='ocrx_word' id='word_1_499' title='bbox 681 2469 772 2508; x_wconf 85' lang='lat' dir='ltr'><strong>wico,</strong></span> <span class='ocrx_word' id='word_1_500' title='bbox 795 2467 866 2509; x_wconf 86' lang='lat' dir='ltr'>pbr.</span> <span class='ocrx_word' id='word_1_501' title='bbox 884 2470 917 2499; x_wconf 80' lang='lat' dir='ltr'><strong>et</strong></span> <span class='ocrx_word' id='word_1_502' title='bbox 940 2467 995 2498; x_wconf 87' lang='lat' dir='ltr'>cfr.</span> <span class='ocrx_word' id='word_1_503' title='bbox 1012 2477 1042 2498; x_wconf 93' lang='lat' dir='ltr'>n.</span> <span class='ocrx_word' id='word_1_504' title='bbox 1089 2464 1313 2507; x_wconf 89' lang='lat' dir='ltr'><strong>Sigismundus</strong></span> <span class='ocrx_word' id='word_1_505' title='bbox 1337 2463 1377 2494; x_wconf 90' lang='lat' dir='ltr'><strong>de</strong></span> <span class='ocrx_word' id='word_1_506' title='bbox 1394 2461 1518 2494; x_wconf 82' lang='lat' dir='ltr'><strong>Zwetel</strong></span> <span class='ocrx_word' id='word_1_507' title='bbox 1540 2461 1610 2503; x_wconf 91' lang='lat' dir='ltr'>pbr.</span> <span class='ocrx_word' id='word_1_508' title='bbox 1627 2463 1660 2493; x_wconf 80' lang='lat' dir='ltr'><strong>et</strong></span> <span class='ocrx_word' id='word_1_509' title='bbox 1676 2460 1732 2492; x_wconf 89' lang='lat' dir='ltr'>cfr.</span> <span class='ocrx_word' id='word_1_510' title='bbox 1748 2470 1777 2491; x_wconf 92' lang='lat' dir='ltr'>n.</span> <span class='ocrx_word' id='word_1_511' title='bbox 1823 2459 1876 2491; x_wconf 79' lang='lat' dir='ltr'>Fr.</span> <span class='ocrx_word' id='word_1_512' title='bbox 1893 2459 2032 2491; x_wconf 77' lang='lat' dir='ltr'><strong>Ioannes</strong></span> 
     </span>
    </p>
   </div>
   <div class='ocr_carea' id='block_1_12' title="bbox 683 2513 2031 2552">
    <p class='ocr_par' dir='ltr' id='par_1_12' title="bbox 683 2513 2031 2552">
     <span class='ocr_line' id='line_1_45' title="bbox 683 2513 2031 2552; baseline -0.007 -1"><span class='ocrx_word' id='word_1_513' title='bbox 683 2519 724 2551; x_wconf 86' lang='lat' dir='ltr'><strong>de</strong></span> <span class='ocrx_word' id='word_1_514' title='bbox 748 2519 786 2550; x_wconf 67' lang='lat' dir='ltr'>S·</span> <span class='ocrx_word' id='word_1_515' title='bbox 802 2518 905 2550; x_wconf 78' lang='lat' dir='ltr'>Cruce</span> <span class='ocrx_word' id='word_1_516' title='bbox 929 2529 1000 2550; x_wconf 92' lang='lat' dir='ltr'>nov.</span> <span class='ocrx_word' id='word_1_517' title='bbox 1019 2521 1053 2550; x_wconf 81' lang='lat' dir='ltr'><strong>et</strong></span> <span class='ocrx_word' id='word_1_518' title='bbox 1075 2516 1131 2548; x_wconf 80' lang='lat' dir='ltr'>cfr.</span> <span class='ocrx_word' id='word_1_519' title='bbox 1148 2527 1178 2548; x_wconf 91' lang='lat' dir='ltr'>n.</span> <span class='ocrx_word' id='word_1_520' title='bbox 1224 2521 1257 2547; x_wconf 94' lang='lat' dir='ltr'>D.</span> <span class='ocrx_word' id='word_1_521' title='bbox 1273 2520 1396 2547; x_wconf 83' lang='lat' dir='ltr'><strong>Thomas</strong></span> <span class='ocrx_word' id='word_1_522' title='bbox 1412 2518 1612 2552; x_wconf 81' lang='lat' dir='ltr'>Seiingperger</span> <span class='ocrx_word' id='word_1_523' title='bbox 1634 2517 1696 2551; x_wconf 88' lang='lat' dir='ltr'>pbr.</span> <span class='ocrx_word' id='word_1_524' title='bbox 1712 2517 1741 2543; x_wconf 77' lang='lat' dir='ltr'><strong>et</strong></span> <span class='ocrx_word' id='word_1_525' title='bbox 1763 2515 1812 2543; x_wconf 89' lang='lat' dir='ltr'>cfr.</span> <span class='ocrx_word' id='word_1_526' title='bbox 1827 2525 1855 2542; x_wconf 91' lang='lat' dir='ltr'>n.</span> <span class='ocrx_word' id='word_1_527' title='bbox 1900 2513 2031 2548; x_wconf 82' lang='lat' dir='ltr'><strong>Michael,</strong></span> 
     </span>
    </p>
   </div>
   <div class='ocr_carea' id='block_1_13' title="bbox 681 2561 2034 2693">
    <p class='ocr_par' dir='ltr' id='par_1_13' title="bbox 681 2561 2034 2693">
     <span class='ocr_line' id='line_1_46' title="bbox 681 2561 2034 2606; baseline -0.007 -9"><span class='ocrx_word' id='word_1_528' title='bbox 681 2570 857 2601; x_wconf 81' lang='lat' dir='ltr'><strong>Benedictus,</strong></span> <span class='ocrx_word' id='word_1_529' title='bbox 884 2570 953 2604; x_wconf 83' lang='lat' dir='ltr'>pbri,</span> <span class='ocrx_word' id='word_1_530' title='bbox 978 2570 1007 2596; x_wconf 77' lang='lat' dir='ltr'><strong>et</strong></span> <span class='ocrx_word' id='word_1_531' title='bbox 1024 2568 1058 2595; x_wconf 88' lang='lat' dir='ltr'>fr.</span> <span class='ocrx_word' id='word_1_532' title='bbox 1072 2566 1211 2594; x_wconf 84' lang='lat' dir='ltr'><strong>Dionisius</strong></span> <span class='ocrx_word' id='word_1_533' title='bbox 1229 2566 1301 2593; x_wconf 81' lang='lat' dir='ltr'>diac.</span> <span class='ocrx_word' id='word_1_534' title='bbox 1320 2565 1350 2591; x_wconf 91' lang='lat' dir='ltr'><strong>in</strong></span> <span class='ocrx_word' id='word_1_535' title='bbox 1369 2564 1588 2606; x_wconf 72' lang='lat' dir='ltr'><strong>Seyttensteten,</strong></span> <span class='ocrx_word' id='word_1_536' title='bbox 1613 2563 1680 2589; x_wconf 72' lang='lat' dir='ltr'>cfr-⁰⁸</span> <span class='ocrx_word' id='word_1_537' title='bbox 1698 2562 1735 2589; x_wconf 67' lang='lat' dir='ltr'>ni.</span> <span class='ocrx_word' id='word_1_538' title='bbox 1771 2561 1930 2595; x_wconf 83' lang='lat' dir='ltr'><strong>Leupoldus</strong></span> <span class='ocrx_word' id='word_1_539' title='bbox 1949 2569 1985 2587; x_wconf 90' lang='grc' dir='ltr'><strong>ιιι.</strong></span> <span class='ocrx_word' id='word_1_540' title='bbox 2003 2561 2034 2588; x_wconf 75' lang='lat' dir='ltr'><strong>et</strong></span> 
     </span>
     <span class='ocr_line' id='line_1_47' title="bbox 683 2603 2032 2647; baseline -0.007 -7"><span class='ocrx_word' id='word_1_541' title='bbox 683 2614 744 2647; x_wconf 86' lang='lat' dir='ltr'>pbr.</span> <span class='ocrx_word' id='word_1_542' title='bbox 758 2613 840 2640; x_wconf 82' lang='lat' dir='ltr'>monii</span> <span class='ocrx_word' id='word_1_543' title='bbox 859 2611 1024 2642; x_wconf 85' lang='lat' dir='ltr'><strong>Melicensis,</strong></span> <span class='ocrx_word' id='word_1_544' title='bbox 1049 2611 1097 2637; x_wconf 84' lang='lat' dir='ltr'>cfr.</span> <span class='ocrx_word' id='word_1_545' title='bbox 1110 2619 1136 2637; x_wconf 88' lang='lat' dir='ltr'>n.</span> <span class='ocrx_word' id='word_1_546' title='bbox 1173 2610 1216 2636; x_wconf 84' lang='lat' dir='ltr'>Fr.</span> <span class='ocrx_word' id='word_1_547' title='bbox 1229 2607 1371 2635; x_wconf 77' lang='lat' dir='ltr'><strong>Castorius</strong></span> <span class='ocrx_word' id='word_1_548' title='bbox 1389 2607 1450 2642; x_wconf 89' lang='lat' dir='ltr'>pbr.</span> <span class='ocrx_word' id='word_1_549' title='bbox 1469 2608 1498 2634; x_wconf 64' lang='lat' dir='ltr'>elz</span> <span class='ocrx_word' id='word_1_550' title='bbox 1516 2615 1550 2632; x_wconf 89' lang='lat' dir='ltr'>m.</span> <span class='ocrx_word' id='word_1_551' title='bbox 1569 2606 1604 2632; x_wconf 88' lang='lat' dir='ltr'><strong>de</strong></span> <span class='ocrx_word' id='word_1_552' title='bbox 1621 2605 1786 2639; x_wconf 80' lang='lat' dir='ltr'><strong>Tegernsee‚</strong></span> <span class='ocrx_word' id='word_1_553' title='bbox 1809 2604 1858 2632; x_wconf 86' lang='lat' dir='ltr'>cfr.</span> <span class='ocrx_word' id='word_1_554' title='bbox 1870 2613 1897 2631; x_wconf 88' lang='lat' dir='ltr'>n.</span> <span class='ocrx_word' id='word_1_555' title='bbox 1933 2604 1977 2631; x_wconf 76' lang='lat' dir='ltr'>Fr.</span> <span class='ocrx_word' id='word_1_556' title='bbox 1989 2603 2032 2630; x_wconf 90' lang='lat' dir='ltr'>Io-</span> 
     </span>
     <span class='ocr_line' id='line_1_48' title="bbox 682 2648 1851 2693; baseline -0.007 -10"><span class='ocrx_word' id='word_1_557' title='bbox 682 2657 788 2683; x_wconf 88' lang='lat' dir='ltr'><strong>hannes</strong></span> <span class='ocrx_word' id='word_1_558' title='bbox 806 2655 878 2689; x_wconf 83' lang='lat' dir='ltr'>Frey</span> <span class='ocrx_word' id='word_1_559' title='bbox 896 2655 958 2689; x_wconf 85' lang='lat' dir='ltr'>pbr.</span> <span class='ocrx_word' id='word_1_560' title='bbox 972 2654 1141 2681; x_wconf 83' lang='lat' dir='ltr'><strong>Mellicensis</strong></span> <span class='ocrx_word' id='word_1_561' title='bbox 1161 2655 1190 2680; x_wconf 75' lang='lat' dir='ltr'><strong>et</strong></span> <span class='ocrx_word' id='word_1_562' title='bbox 1209 2653 1256 2679; x_wconf 82' lang='lat' dir='ltr'>cfr.</span> <span class='ocrx_word' id='word_1_563' title='bbox 1272 2661 1298 2678; x_wconf 92' lang='lat' dir='ltr'>n.</span> <span class='ocrx_word' id='word_1_564' title='bbox 1336 2652 1379 2678; x_wconf 81' lang='lat' dir='ltr'>Fr.</span> <span class='ocrx_word' id='word_1_565' title='bbox 1392 2649 1567 2685; x_wconf 71' lang='lat' dir='ltr'><strong>Augustinus</strong></span> <span class='ocrx_word' id='word_1_566' title='bbox 1586 2649 1656 2676; x_wconf 82' lang='lat' dir='ltr'>diac.</span> <span class='ocrx_word' id='word_1_567' title='bbox 1669 2648 1784 2693; x_wconf 66' lang='lat' dir='ltr'>ibidern,</span> <span class='ocrx_word' id='word_1_568' title='bbox 1803 2648 1851 2675; x_wconf 80' lang='lat' dir='ltr'>cfr.</span> 
     </span>
    </p>
   </div>
   <div class='ocr_carea' id='block_1_14' title="bbox 373 2764 2031 2849">
    <p class='ocr_par' dir='ltr' id='par_1_14' title="bbox 373 2764 2031 2849">
     <span class='ocr_line' id='line_1_49' title="bbox 476 2764 2031 2807; baseline -0.008 -6"><span class='ocrx_word' id='word_1_569' title='bbox 476 2775 499 2807; x_wconf 73' lang='lat'>⁸)</span> <span class='ocrx_word' id='word_1_570' title='bbox 519 2775 564 2801; x_wconf 74' lang='lat' dir='ltr'>Sic</span> <span class='ocrx_word' id='word_1_571' title='bbox 582 2776 637 2800; x_wconf 81' lang='lat' dir='ltr'>cod.</span> <span class='ocrx_word' id='word_1_572' title='bbox 731 2773 757 2805; x_wconf 86' lang='lat' dir='ltr'>b)</span> <span class='ocrx_word' id='word_1_573' title='bbox 775 2773 799 2798; x_wconf 92' lang='grc' dir='ltr'>Ι.</span> <span class='ocrx_word' id='word_1_574' title='bbox 812 2782 832 2798; x_wconf 82' lang='lat' dir='ltr'>e.</span> <span class='ocrx_word' id='word_1_575' title='bbox 846 2773 1011 2798; x_wconf 79' lang='lat' dir='ltr'><strong>Seisenstaiu.</strong></span> <span class='ocrx_word' id='word_1_576' title='bbox 1104 2771 1127 2804; x_wconf 80' lang='lat'>⁰)</span> <span class='ocrx_word' id='word_1_577' title='bbox 1146 2771 1267 2804; x_wconf 77' lang='lat' dir='ltr'><strong>Sequitur</strong></span> <span class='ocrx_word' id='word_1_578' title='bbox 1285 2771 1356 2796; x_wconf 73' lang='lat' dir='ltr'><strong>locus</strong></span> <span class='ocrx_word' id='word_1_579' title='bbox 1373 2777 1450 2795; x_wconf 76' lang='lat' dir='ltr'>rame</span> <span class='ocrx_word' id='word_1_580' title='bbox 1468 2769 1560 2794; x_wconf 74' lang='lat' dir='ltr'>minor.</span> <span class='ocrx_word' id='word_1_581' title='bbox 1656 2766 1681 2800; x_wconf 84' lang='lat' dir='ltr'>d)</span> <span class='ocrx_word' id='word_1_582' title='bbox 1701 2767 1822 2799; x_wconf 70' lang='lat' dir='ltr'>Sequitur</span> <span class='ocrx_word' id='word_1_583' title='bbox 1839 2773 1941 2797; x_wconf 75' lang='lat' dir='ltr'><strong>nomen,</strong></span> <span class='ocrx_word' id='word_1_584' title='bbox 1958 2764 2031 2790; x_wconf 69' lang='lat' dir='ltr'><strong>cuius</strong></span> 
     </span>
     <span class='ocr_line' id='line_1_50' title="bbox 373 2813 1610 2849; baseline -0.006 -5"><span class='ocrx_word' id='word_1_585' title='bbox 373 2819 446 2844; x_wconf 78' lang='lat' dir='ltr'><strong>lectio</strong></span> <span class='ocrx_word' id='word_1_586' title='bbox 466 2819 563 2844; x_wconf 77' lang='lat' dir='ltr'>incerta</span> <span class='ocrx_word' id='word_1_587' title='bbox 581 2823 624 2843; x_wconf 72' lang='lat' dir='ltr'>ese.</span> <span class='ocrx_word' id='word_1_588' title='bbox 730 2817 753 2849; x_wconf 80' lang='lat' dir='ltr'><strong>e)</strong></span> <span class='ocrx_word' id='word_1_589' title='bbox 772 2817 796 2844; x_wconf 90' lang='grc' dir='ltr'>Ι.</span> <span class='ocrx_word' id='word_1_590' title='bbox 809 2825 830 2842; x_wconf 81' lang='lat' dir='ltr'>e.</span> <span class='ocrx_word' id='word_1_591' title='bbox 843 2817 939 2842; x_wconf 78' lang='lat' dir='ltr'>Scotos.</span> <span class='ocrx_word' id='word_1_592' title='bbox 1045 2815 1064 2848; x_wconf 83' lang='lat' dir='ltr'>r)</span> <span class='ocrx_word' id='word_1_593' title='bbox 1083 2816 1117 2841; x_wconf 76' lang='grc' dir='ltr'>Ιπ</span> <span class='ocrx_word' id='word_1_594' title='bbox 1136 2815 1238 2840; x_wconf 75' lang='lat' dir='ltr'><strong>nomine</strong></span> <span class='ocrx_word' id='word_1_595' title='bbox 1256 2815 1358 2840; x_wconf 81' lang='lat' dir='ltr'>Maurtz</span> <span class='ocrx_word' id='word_1_596' title='bbox 1375 2813 1506 2846; x_wconf 53' lang='lat' dir='ltr'><strong>vocalisfl</strong></span> <span class='ocrx_word' id='word_1_597' title='bbox 1524 2819 1610 2837; x_wconf 74' lang='lat' dir='ltr'>erasa.</span> 
     </span>
    </p>
   </div>
  </div>
 </body>
</html>
