2150 3178
169 2277 209 2305 10.

563 178 828 206 NECROLOGIUM
847 176 1036 205 CANONIAE
1054 176 1103 203 AD
1122 175 1411 203 S.H1PPOLYTUM.
1751 178 1815 208 539

271 270 321 297 VI.
333 270 372 297 id.
421 265 628 297 Heinricus
644 264 721 305 pbr.
735 264 769 295 Si
785 264 955 295 Floriani
972 267 1009 295 et
1025 263 1087 295 cfr.
1101 274 1131 294 n.
1165 262 1372 294 Heinricus
1388 261 1486 303 pleb.
1501 262 1545 294 de
1563 261 1603 293 S⁰
1616 262 1816 304 Zenone1)‚

473 315 620 347 oblatio
637 317 655 346 3
672 317 702 356 β.
715 321 751 356 03„
776 315 839 346 cfr.
854 326 882 347 n.
923 314 1126 357 [Iohannes
1142 314 1219 355 pbr.
1238 314 1283 345 de
1300 313 1630 345 chremsmunster
1653 317 1690 345 et
1706 314 1769 346 cfr.
1783 326 1814 346 n.

472 367 569 398 Item
592 367 632 398 D.
650 366 873 398 Chunradus
902 366 947 397 de
972 365 1168 397 Walthuza
1197 365 1274 406 pbr.
1298 368 1334 396 et
1362 365 1425 396 cfr.
1447 376 1476 396 n.
1529 365 1712 397 Nicolaus
1740 376 1813 398 sac.

474 421 512 450 et
533 429 575 450 m.
592 423 626 449 8⁰
641 418 759 449 Marie
783 418 943 458 virginis
966 417 1002 448 in
1019 417 1158 458 Campo
1182 416 1349 448 liliorum
1374 420 1411 448 et
1434 417 1498 448 cfr.
1516 416 1559 458 n.]
1604 416 1757 449 Nicolaus
1774 418 1815 450 de

474 469 588 501 Steucz
615 469 768 510 subdyac.
790 471 823 500 et
850 468 906 500 cfr.
928 479 957 499 n.
1003 468 1220 510 NVolfgangus
1243 479 1334 509 ppos,
1356 467 1397 499 de
1421 467 1457 499 S⁰
1478 467 1610 499 Andrea
1619 468 1661 510 2),
1693 468 1762 510 pbr.
1784 472 1817 501 et

473 521 528 552 cfr.
546 531 576 551 n.
622 520 662 551 D.
678 520 826 551 Andreas
849 519 922 551 abb.
940 520 971 550 in
986 519 1297 561 Pawngartenperig
1309 519 1345 560 ³),
1370 519 1425 550 cfr.
1442 530 1471 550 n.
1518 519 1560 550 Et
1583 519 1691 551 facere
1716 521 1815 553 debe-

472 572 593 614 mus⁸):
625 571 726 603 Nota:
757 572 861 603 anniv.
886 571 954 603 dies
983 571 1012 602 di
1036 571 1192 612 Stephani
1221 571 1384 612 quondam
1412 571 1443 601 h.
1468 581 1508 602 m.
1534 571 1624 612 pposi
1651 572 1818 613 peragitur

473 623 606 665 singulis
634 624 725 654 annis
753 623 785 653 in
809 626 923 654 octava
946 623 1125 654 animarum
1147 622 1179 653 in
1203 623 1286 653 hunc
1311 622 1457 653 modum:
1490 623 1594 663 primo
1619 633 1675 664 pro
1700 623 1818 665 vigiliis

471 675 646 707 maioribus
673 677 685 706 1
702 679 731 706 tt.
745 679 769 712 ᾧ.
806 674 890 705 Item
913 685 971 715 pro
996 676 1035 705 24
1053 674 1195 705 candelis
1218 674 1257 705 de
1282 674 1428 705 custodia
1448 675 1466 705 3
1481 675 1511 715 β.
1524 679 1548 712 ᾧ.
1566 677 1598 705 et
1617 677 1654 706 10
1671 679 1694 711 ᾧ.
1732 676 1816 707 Item

472 737 531 768 pro
556 729 595 758 30
611 726 716 758 missis
738 727 841 767 primo
865 726 937 765 illis,
967 726 1021 767 qui
1044 728 1117 756 sunt
1139 725 1285 766 deputati
1308 725 1350 756 ad
1373 728 1509 757 statutas
1530 727 1644 757 missas
1665 727 1819 759 videlicet

471 778 513 810 ad
534 783 586 810 sum
602 778 780 809 Iohannem
805 779 838 808 et
860 781 912 807 sum
929 776 1096 808 Mathcum
1120 779 1153 807 et
1175 776 1215 807 ad
1241 779 1366 808 ceteras
1389 777 1503 808 missas
1526 777 1645 819 ubique
1668 778 1700 810 in
1719 778 1818 809 monio

471 831 523 862 vel
547 833 639 862 extra
657 829 788 869 monium,
812 828 944 860 cuilibet
960 827 1075 859 dantur
1091 830 1109 859 6
1126 832 1142 863 ὁ)
1164 838 1228 859 non
1245 828 1392 859 obstante
1409 828 1525 860 salario
1542 839 1599 860 suo
1616 829 1656 861 de
1673 830 1818 870 predicta

473 882 584 922 missa,
613 881 658 912 ita
682 881 784 912 eciam
807 879 894 921 quod
917 879 1062 921 quolibet
1084 879 1211 910 illorum
1234 890 1315 910 unus
1338 880 1428 921 legat
1450 880 1506 911 illa
1529 880 1581 912 die
1604 881 1735 912 missam
1759 893 1816 923 pro

473 932 621 965 omnibus
649 931 797 963 fidelibus
827 931 1000 970 defunctis,
1031 931 1112 962 sicut
1140 931 1172 961 in
1203 930 1255 962 die
1286 931 1464 962 animarum
1493 931 1612 973 legitur
1641 936 1674 964 et
1697 932 1819 968 debent

475 994 546 1016 esse
573 987 610 1015 15
627 984 723 1015 misse
747 986 780 1015 et
803 982 936 1014 cuilibet
959 982 1075 1013 dantur
1097 985 1150 1019 δῷ.
1172 985 1205 1013 et
1227 986 1300 1013 sunt
1326 985 1363 1013 15
1380 983 1476 1014 misse
1500 986 1533 1014 et
1553 983 1686 1015 cuilibet
1702 984 1819 1016 dantur

475 1038 494 1068 8
513 1041 534 1072 o)
578 1035 612 1067 Si
628 1038 736 1067 autem
754 1034 869 1075 aliquis
892 1034 1022 1075 proprio
1045 1036 1133 1065 motu
1156 1033 1255 1065 vellet
1278 1033 1398 1065 habere
1423 1034 1531 1065 divina
1555 1037 1588 1071 et
1610 1035 1720 1077 legere
1743 1047 1817 1078 pre-

475 1088 594 1119 dictam
616 1088 747 1119 missam
770 1085 922 1117 videlicet
944 1095 1002 1126 pro
1025 1084 1171 1116 omnibus
1187 1084 1335 1116 fidelibus
1351 1085 1519 1127 defunctis,
1544 1087 1598 1117 ille
1614 1087 1747 1119 habebit
1764 1090 1817 1126 8&-

475 1143 508 1172 et
530 1139 696 1171 ordinetur
722 1139 778 1179 ita,
807 1137 894 1179 quod
917 1137 1066 1178 legantur
1089 1136 1144 1167 illa
1167 1136 1230 1177 die,
1261 1137 1287 1167 si
1311 1140 1418 1168 tamen
1442 1137 1529 1169 licite
1552 1138 1622 1169 fieri
1644 1142 1762 1180 potest,
1792 1141 1819 1171 si

473 1201 538 1222 non
560 1190 710 1231 legantur
732 1188 874 1221 secunda
894 1188 958 1229 die,
982 1188 1027 1219 ita
1043 1188 1129 1229 quod
1145 1191 1253 1219 tamen
1268 1188 1416 1229 legantur
1431 1199 1489 1230 pro
1507 1189 1654 1221 omnibus
1669 1190 1819 1223 fidelibus

476 1242 649 1282 defunctis,
677 1242 759 1273 sicut
782 1243 985 1282 prenotatum
1015 1243 1072 1270 est.
1125 1240 1209 1271 Item
1239 1240 1378 1281 plebano
1402 1251 1460 1281 pro
1485 1241 1714 1274 exhortacione
1741 1244 1778 1274 12
1793 1247 1818 1279 a).

473 1295 530 1335 ita,
554 1293 641 1336 quod
663 1296 795 1325 moneat
816 1293 878 1324 hoc
901 1293 1004 1334 primo
1027 1293 1059 1324 in
1075 1291 1299 1333 predicacione
1323 1292 1354 1322 in
1371 1292 1541 1333 parrochia
1565 1295 1598 1324 et
1612 1294 1818 1334 postmodum

475 1348 642 1377 exortetur
672 1346 703 1376 in
731 1345 830 1376 moni⁰
852 1344 991 1376 fideliter
1020 1355 1077 1386 pro
1108 1343 1254 1375 omnibus
1282 1343 1431 1375 fidelibus
1455 1343 1623 1376 defunctis.
1670 1345 1753 1376 Item
1776 1346 1818 1378 ad

437 1428 439 1430 ,
476 1397 655 1428 sacristiam
678 1398 697 1428 8
719 1400 740 1433 ὁ.
787 1396 870 1428 Item
898 1407 956 1438 pro
980 1399 999 1427 4
1023 1396 1184 1437 psalteriis
1210 1398 1247 1426 14
1267 1400 1293 1431 ο).
1338 1395 1422 1426 Item
1445 1395 1570 1426 custodi
1592 1406 1650 1437 pro
1675 1397 1818 1428 candelis

477 1451 510 1480 et
532 1449 652 1480 ornatis
674 1447 716 1479 ad
738 1447 900 1490 predictas
923 1448 1036 1479 missas
1060 1449 1100 1478 22
1116 1451 1142 1478 oi.
1186 1446 1270 1478 Item
1291 1446 1477 1477 subcustodi
1504 1448 1541 1477 12
1557 1451 1594 1487 0).,
1616 1450 1652 1478 ut
1667 1448 1819 1489 respiciat

477 1500 529 1532 vel
554 1499 694 1531 fideliter
721 1499 833 1539 faciat,
863 1502 898 1530 ut
924 1498 1032 1531 debite
1062 1498 1276 1540 expediantur
1298 1498 1442 1539 predicte
1465 1498 1562 1530 misse
1585 1498 1737 1531 videlicet
1759 1510 1818 1541 pro

476 1551 622 1583 omnibus
645 1550 793 1583 fidelibus
817 1550 976 1582 defunctis
999 1551 1082 1582 sicut
1103 1551 1134 1581 in
1159 1550 1211 1581 die
1230 1550 1418 1580 animarum.
1464 1549 1548 1581 Item
1572 1560 1611 1582 ea
1634 1550 1686 1582 die
1704 1551 1820 1583 dantur

477 1604 579 1636 eciam
602 1602 798 1644 pauperibus
822 1604 861 1634 32
876 1606 914 1642 ὰ,
941 1605 977 1633 ut
1003 1602 1137 1633 cuilibet
1160 1612 1218 1643 pro
1243 1601 1389 1632 omnibus
1412 1601 1561 1633 fidelibus
1585 1602 1758 1643 defunctis,
1787 1606 1820 1634 et

475 1655 680 1696 porrigantur
703 1656 743 1685 32
756 1659 779 1692 ᾧ.
802 1654 843 1685 ad
867 1654 998 1686 cecham
1023 1657 1175 1685 nostram.

288 1715 322 1743 V.
336 1715 374 1743 id.
426 1710 644 1742 Dietmarus
673 1710 750 1752 pbr.
773 1713 810 1742 et
838 1710 880 1741 fr.
901 1721 931 1741 n.
978 1709 1147 1741 Wisento
1177 1710 1254 1751 pbr.
1281 1712 1319 1740 et
1342 1709 1384 1740 fr.
1401 1720 1430 1740 n.
1477 1708 1667 1740 Gedrudis
1697 1715 1758 1741 cv*
1782 1713 1820 1742 et

477 1773 547 1794 sor.
568 1772 598 1793 n.
647 1762 771 1793 Matza
801 1766 861 1793 ον’
885 1765 921 1793 et
944 1772 1013 1793 sor.
1034 1772 1063 1792 n.
1116 1760 1390 1792 Gundacharus
1418 1761 1452 1800 l..
1484 1762 1545 1802 qui
1576 1760 1670 1792 fecit
1700 1765 1819 1793 testu-

477 1813 584 1845 dines
611 1813 726 1845 chori.
778 1813 931 1845 Iaeutta
953 1812 1195 1853 Raetzlinua,
1226 1812 1373 1844 oblatio
1404 1815 1421 1844 7
1445 1815 1606 1844 metrete
1631 1813 1818 1845 frumenti.

478 1865 661 1906 [Ditricus
678 1865 864 1906 quondam
881 1864 1066 1896 officialis
1083 1864 1263 1905 ecclesie,
1281 1864 1426 1895 oblatio
1448 1863 1481 1905 ‘sa
1500 1864 1562 1895 tal.
1601 1864 1820 1906 Margareta

475 1927 533 1948 ux.
547 1927 621 1948 sua.
653 1916 873 1948 Dietmarus
888 1916 966 1958 pbr.
980 1920 1016 1948 et
1032 1926 1073 1947 m.
1087 1916 1124 1946 in
1138 1916 1497 1957 Paungartenperg,
1515 1915 1579 1946 cfr.
1592 1926 1622 1946 n.
1654 1915 1820 1947 Mathias

478 1979 528 2000 cv.
546 1968 591 2000 de
614 1967 809 2010 ffissruce,
840 1967 904 1999 cfr.
921 1979 951 1999 n.
996 1967 1206 1999 Nicholaus
1230 1967 1323 2008 pbr.‚
1356 1977 1413 2007 m.‚
1446 1966 1509 1998 cfr.
1527 1965 1570 2008 n.]
1617 1966 1820 1998 Lienhardus

477 2021 580 2052 dictus
608 2019 857 2052 Seibenstorffer
883 2019 953 2061 pbr.
977 2022 1011 2051 et
1040 2019 1095 2050 cfr.
1119 2030 1149 2050 n.
1173 2022 1207 2050 et
1236 2018 1272 2049 fr.
1296 2018 1412 2057 Petrus
1442 2028 1489 2049 cv.
1513 2018 1553 2049 de
1583 2017 1620 2048 S*
1641 2017 1820 2058 Dorothea,

477 2072 533 2104 cfr.
549 2083 591 2112 n.,
622 2075 682 2104 etc.
728 2071 911 2113 Stephanus
934 2081 997 2103 sac.
1015 2070 1055 2102 de
1079 2070 1363 2111 Herczogenburg,
1394 2069 1449 2100 cfr.
1466 2080 1497 2100 n.
1541 2069 1679 2100 Iacobus
1701 2069 1819 2100 Prans-

476 2134 594 2165 perger
617 2123 657 2155 de
681 2123 769 2155 Roer
791 2123 860 2165 pbr.
878 2126 911 2154 et
934 2122 989 2154 cfr.
1006 2133 1036 2154 n.
1082 2121 1200 2154 Ursula
1220 2121 1406 2152 Maenndlin
1432 2131 1473 2152 ex
1488 2120 1625 2152 Lauffen
1650 2130 1772 2152 consor.
1789 2131 1819 2152 n.

475 2175 515 2207 D.
532 2175 682 2207 Matheus
697 2175 787 2207 Leeb
808 2174 849 2206 de
864 2174 932 2206 Ror
947 2174 1017 2216 pbr.
1035 2177 1068 2205 et
1084 2174 1140 2205 cfr.
1157 2184 1186 2204 n.
1226 2173 1344 2204 Petrus
1359 2172 1565 2214 Leydenslag
1581 2172 1650 2213 pbr.
1668 2175 1701 2204 et
1717 2171 1771 2204 cfr.
1789 2182 1819 2202 n.

475 2225 507 2253 D.
520 2225 702 2253 Sebastianus
720 2225 754 2253 de
773 2225 874 2253 Melico
892 2234 928 2252 m.
941 2226 970 2252 et
989 2225 1037 2252 cfr.
1050 2234 1076 2251 n.

285 2277 331 2304 IV.
345 2278 382 2305 id.
430 2273 634 2306 Heinricus
663 2277 700 2305 et
722 2273 951 2311 Ruedolfus,
981 2274 1046 2304 fr⁹⁸
1071 2273 1134 2304 cvi.
1186 2271 1366 2303 Alhaidis
1394 2275 1454 2302 ον’*
1478 2273 1516 2302 et
1538 2281 1608 2301 sor.
1630 2281 1659 2301 n.
1704 2270 1819 2301 Hein-

477 2326 577 2357 ricus
600 2325 817 2367 Zauhinger
840 2325 917 2367 pbr.
939 2324 974 2356 Si
995 2324 1182 2363 Floriani,
1211 2323 1274 2355 cfr.
1291 2334 1321 2354 n.
1369 2321 1662 2364 [¹³)Eberhardus
1685 2321 1762 2363 pbr.
1784 2324 1822 2353 et

477 2387 520 2408 m.
542 2377 578 2408 in
608 2377 958 2418 Paugartenperig,
989 2376 1053 2408 cfr.
1074 2387 1103 2406 n.
1155 2375 1360 2406 Heinricus
1391 2385 1441 2405 cv.
1464 2374 1509 2404 de
1532 2372 1820 2414 Walth(ausen),

478 2429 541 2460 cfr.
558 2439 588 2459 n.
634 2428 806 2461 Andreas
829 2428 962 2459 domus
976 2427 1148 2459 Floriani
1171 2426 1249 2468 pbr.
1268 2429 1304 2457 et
1328 2425 1392 2457 cfr.
1410 2436 1439 2456 n.
1485 2424 1750 2456 Fr.Michahe1
1775 2424 1820 2455 de

478 2479 519 2511 S*
541 2479 660 2512 Oruce
683 2480 761 2521 pbr.
778 2483 815 2511 et
837 2480 901 2511 cfr.
918 2478 961 2521 n.]
1007 2478 1168 2510 Iohannes
1191 2478 1231 2509 de
1254 2476 1550 2519 Herczogenburga
1573 2475 1641 2517 pbr.
1660 2478 1693 2507 et
1716 2475 1772 2506 cfr.
1789 2486 1819 2507 n.

477 2531 693 2573 Wolfgangus
716 2531 757 2563 de
773 2530 901 2563 Mellico
926 2530 995 2572 pbr.
1012 2533 1045 2562 et
1061 2529 1116 2561 cfr.
1130 2540 1159 2560 n.
1197 2528 1376 2569 Elyzabeth
1393 2527 1681 2568 Luegelpinterinn
1697 2537 1820 2558 consor.

478 2594 507 2614 n.
525 2583 650 2624 (14)73,
673 2583 727 2625 qui
750 2582 841 2614 dedit
862 2593 960 2614 unum
981 2582 1138 2623 picarium
1154 2582 1344 2621 argenteum
1361 2579 1541 2610 conventui.
1579 2578 1632 2609 Fr.
1649 2577 1821 2610 Zacharias

274 2712 299 2746 ὓ)
317 2713 396 2739 Nota:
415 2713 448 2738 Et
465 2714 550 2738 faeere
567 2712 690 2738 debemus
708 2712 792 2738 colore
811 2712 888 2737 rubro
907 2711 1011 2744 scripta.
1101 2709 1127 2742 b)
1146 2709 1259 2742 Sequens
1277 2713 1339 2734 nola
1356 2717 1437 2741 cupra
1456 2708 1539 2733 locum
1556 2715 1645 2733 rasum
1663 2707 1759 2739 scripta
1776 2710 1820 2732 eet.

277 2798 297 2831 ¹)
316 2797 352 2824 In
370 2797 514 2831 diplomate
530 2806 556 2824 a.
570 2800 636 2825 1322
650 2799 877 2824 commemoratur.
966 2796 986 2829 ²)
1006 2795 1184 2829 Wolfqanyus
1196 2794 1221 2821 I.
1237 2793 1305 2820 Peck
1316 2801 1337 2820 c.
1348 2795 1519 2820 1473—1484.
1609 2792 1629 2824 ⁸)
1649 2794 1821 2818 1405-1419.

1562 2843 1613 2871 68*
