2150 3178
145 1403 186 1561 &mse
161 1317 185 1344 μ
163 1230 186 1257 ν

143 1620 185 1646 11.

143 1662 185 1689 12.

144 1705 184 1732 13.

144 1750 185 1776 14.

145 1966 186 1993 15.

144 2009 186 2036 17.

145 2052 186 2079 18.

144 2139 186 2166 19.

508 187 774 217 NEOROLOGIUM
791 187 1019 215 MONASTERII
1037 187 1064 214 S.
1078 186 1207 215 CRUCIS
1225 186 1441 215 RECENTIUS.
1744 190 1804 221 113

284 274 319 302 V.
332 273 370 302 id.
406 274 431 302 I.
445 274 480 302 R.
499 274 550 302 Ob.
564 274 620 302 dux
637 275 756 302 Ioannes
773 274 847 302 filius
864 273 1002 302 Fn'oleriei
1019 273 1198 308 imperatoris
1216 282 1241 302 a.
1255 274 1355 308 1464.¹)

269 317 318 345 IV.
330 317 367 344 id.
403 317 437 344 L.
457 316 508 345 Ob.
521 317 656 345 Alehadis
674 317 709 345 de
722 317 951 345 UIrichskirchen
963 316 1146 348 benefactrix,
1165 325 1237 351 quae
1257 316 1350 344 omnia
1368 325 1419 344 sua
1436 316 1511 344 bona
1529 316 1608 345 dedit
1625 317 1692 344 huie
1709 317 1805 344 monio.

268 361 316 388 m.
329 360 367 388 id.
403 360 439 387 L.
456 361 516 388 NB.
533 360 609 395 Mag.
621 360 757 388 Henricus
775 361 810 388 de
827 360 928 387 Bassia
945 360 1141 392 benefactor.²)

327 403 366 431 id.
404 403 445 430 M.
463 403 515 431 Ob.
527 403 560 430 fr.
573 403 708 431 Nicolaus
725 412 780 431 sac.
793 405 823 431 et
840 403 911 438 prof.
923 403 951 430 h.
964 412 1000 430 m.
1029 402 1064 429 L.
1084 402 1135 429 Ob.
1148 402 1297 430 Udalricus
1315 402 1501 438 Sumpsi-cher
1518 403 1603 431 famis.

239 447 314 474 XVI.
327 446 384 473 kal.
403 446 438 474 L.
456 446 507 474 Ob.
521 446 710 475 Theudoricus
730 446 855 475 Peischel
873 446 959 474 fami&
995 446 1046 474 Ob.
1059 445 1258 481 Wolffgangus
1277 445 1408 474 Sandtler
1425 455 1508 481 mag„
1531 446 1583 474 civ.
1596 446 1704 479 Vienn.,
1723 448 1806 475 bene-

454 489 552 517 factor.

254 532 313 559 XV.
327 532 384 560 kal.
403 533 465 560 ΕΡ.
476 533 540 560 ΑΒ.
558 533 609 560 Ob.
624 533 650 560 d.
662 532 811 559 Udalricus
828 540 908 566 ppos.
921 531 951 558 in
965 531 1091 566 Vorau.⁸)

241 574 315 602 XIV.
327 575 385 603 kal.
403 575 464 603 ΕΡ.
476 576 540 603 AB.
559 575 612 603 Ob.
624 576 650 603 d.
664 575 763 603 Petrus
781 583 839 610 eps.
851 574 882 602 in
900 575 981 602 Nova
1000 574 1158 608 Civitate.⁴)

281 618 314 646 X.
327 619 384 646 kal.
404 619 446 647 M.
466 618 517 647 Ob.
530 619 563 647 fr.
577 618 718 646 Conradus
736 627 777 645 cv.
789 618 860 653 prof.
873 618 901 645 h.
913 627 950 645 m.

269 661 315 689 IX.
329 662 386 689 kal.
406 662 447 688 M.
466 661 517 690 Ob.
529 662 562 689 fr.
576 661 764 689 Bernardinus
782 670 838 690 sac.
850 662 880 687 et
898 660 968 695 prof.
981 660 1009 688 h.
1021 670 1058 687 m.
1071 669 1097 687 a.
1111 660 1188 688 1503.

180 724 186 731 .
239 704 316 731 VIII.
329 704 386 732 kal.
404 704 466 732 ΕΡ.
478 705 542 732 ΑΒ.
559 704 610 732 Οδ.
625 705 650 732 d.
662 704 856 739 Wolffgangus
863 705 885 738 ⁵)
902 703 967 731 abb.
981 703 1091 731 cenobii
1110 703 1210 738 Campi
1228 702 1352 730 liliorum
1372 712 1396 730 a.
1411 703 1486 730 1539.

253 747 315 774 VII.
327 747 384 776 kal.
403 747 444 775 M.
464 748 515 775 Ob.
528 748 561 776 fr.
574 747 713 775 Martinus
731 756 787 774 sac.
800 749 830 775 et
847 747 916 782 prof.
931 747 959 774 h.
972 756 1008 774 m.
1035 749 1042 758 ’

265 790 312 818 VI.
326 790 383 818 kal.
403 791 425 818 I.
440 790 474 818 R.
493 790 544 818 Ob.
555 790 668 818 ducissa
681 790 829 818 Richardis
835 791 865 824 ⁶),
884 799 936 818 sor.
950 789 1085 817 Ludovici
1098 789 1272 825 Thuringiae
1285 789 1454 825 landgravii,
1473 789 1570 817 mariti
1583 799 1603 817 s.
1616 789 1806 822 Elisabethae,

455 843 500 861 ux.
511 833 626 862 Henrici
643 834 703 861 eius
720 833 842 861 nominis
859 833 889 860 in
907 832 1135 868 Babenbergensi
1153 832 1263 860 familia
1281 833 1382 867 quinti,
1401 834 1587 868 cognomento
1605 832 1740 865 Crudelis,
1759 834 1805 861 cui

454 877 584 904 ultimam
602 877 633 904 in
651 885 685 904 ea
702 875 790 912 stirpe
808 876 920 912 peperit
938 877 1110 908 Gertrudem,
1129 877 1159 903 in
1178 876 1304 911 capitulo
1323 881 1357 902 ιιο
1375 876 1496 911 sepulta.

283 919 314 947 V.
327 920 384 947 kal.
404 920 438 948 L.
457 921 618 956 Stephanus
636 920 876 948 Panchensteiner
893 920 1062 947 benefactor.

266 962 312 990 IV.
326 963 383 990 kal.
402 963 464 991 ΕΡ.
478 964 538 990 AB.
555 964 587 991 D.
598 963 775 991 Hei-mannus
781 965 803 993 ἵ)
821 972 880 998 eps.
894 962 1076 991 Secoviensis.

263 1007 315 1034 111.
327 1006 384 1033 kal.
403 1006 464 1033 ΕΡ.
475 1007 539 1034 ΑΒ.
558 1007 609 1034 Ob.
622 1006 648 1035 d.
661 1006 727 1034 abb.
740 1006 883 1034 Conradus
902 1006 1029 1034 coenobii
1048 1006 1148 1041 Campi
1166 1005 1299 1033 liliorum.

279 1051 314 1077 ΙΙ.
326 1050 384 1077 kal.
402 1049 463 1077 ΕΡ.
475 1050 538 1077 ΑΒ.
557 1049 608 1077 Ob.
622 1050 647 1077 d.
660 1050 829 1077 Colmannus
836 1051 857 1083 ⁸)
875 1058 955 1084 ppos.
969 1049 998 1076 in
1010 1049 1113 1077 Vorau.
1141 1050 1181 1076 M.
1201 1048 1252 1076 Ob.
1266 1049 1298 1075 fr.
1312 1048 1449 1084 Georgius
1467 1058 1522 1077 sae.
1536 1051 1565 1077 et
1583 1049 1653 1084 prof.
1666 1050 1694 1076 h.
1708 1058 1731 1076 c.

862 1156 1090 1193 MARTIUS.

324 1230 381 1257 kal.
406 1230 465 1258 ΕΡ.
478 1231 542 1257 AB.
560 1231 613 1258 Ob.
630 1231 656 1258 d.
674 1231 841 1264 (ἰᾶται-ἀπ’)
866 1231 930 1258 abb.
947 1231 976 1258 in
992 1230 1122 1258 Victoria
1146 1233 1176 1258 et
1198 1230 1296 1258 coabb.
1316 1230 1440 1257 eiusdem
1464 1230 1493 1257 in
1516 1230 1682 1258 Landstrass
1707 1232 1736 1258 et
1758 1230 1808 1257 free

455 1274 577 1302 eiusdem
596 1274 680 1302 monii
697 1274 739 1302 20.

259 1317 309 1344 111.
320 1326 383 1344 non.
402 1317 462 1345 ΕΡ.
475 1317 537 1345 ΑΒ.
556 1317 607 1344 Ob.
619 1317 646 1345 d.
658 1317 784 1353 Angelus
791 1319 825 1352 ¹⁰)
837 1318 902 1345 abb.
915 1318 945 1344 in
959 1317 1130 1352 Wornpach.
1158 1317 1198 1344 M.
1220 1317 1270 1344 Ob.
1284 1317 1316 1344 fr.
1331 1317 1448 1344 Ioannes
1462 1326 1502 1344 cv.
1517 1316 1586 1352 prof.
1599 1317 1627 1343 h.
1641 1326 1677 1344 m.
1703 1317 1736 1344 L.
1755 1316 1807 1345 Ob.

455 1361 483 1388 d.
494 1360 563 1388 Otto
582 1360 634 1388 civ.
645 1360 752 1393 Vienn..
770 1361 942 1389 benefactor.

273 1403 307 1430 11.
320 1412 384 1430 non.
405 1403 445 1431 M.
464 1403 515 1431 Ob.
528 1404 561 1431 fr.
574 1403 674 1431 Petrus
692 1413 733 1431 cv.
746 1404 774 1431 h.
786 1413 823 1431 ιιι.
836 1404 909 1439 prof.

321 1455 384 1474 non.
403 1446 463 1474 ΕΡ.
477 1446 539 1474 ΑΒ.
559 1447 610 1474 Οδ.
623 1447 649 1474 d.
662 1447 771 1480 Ott0¹²)
790 1447 856 1474 abb.
867 1447 896 1475 h.
908 1457 946 1474 m.

232 1489 309 1516 VIII.
321 1489 358 1516 id.
406 1489 440 1517 L.
459 1489 511 1518 Ob.
524 1489 721 1526 Wolffgangus
734 1490 902 1518 Viehhalter
919 1490 1004 1517 famia

261 1531 310 1560 VI.
322 1532 359 1560 id.
404 1532 468 1560 ΕΡ.
480 1533 543 1560 AB.
562 1533 613 1560 Ob.
626 1533 653 1560 d.
662 1533 854 1568 Wilfingus¹¹)
878 1533 943 1561 abb.
960 1533 987 1560 h.
1003 1542 1039 1560 m.
1082 1532 1133 1560 Ob.
1147 1532 1173 1560 d.
1187 1532 1346 1567 Ioannesn)
1371 1532 1436 1560 abb.
1450 1532 1477 1559 h.
1489 1532 1508 1559 l.
1534 1532 1576 1560 M.
1602 1532 1653 1560 Ob.
1666 1533 1698 1561 fr.
1712 1533 1807 1560 Simon

454 1585 510 1604 sac.
523 1578 553 1604 et
570 1577 642 1612 prof.
654 1576 682 1604 h.
694 1586 730 1604 m.

271 1618 306 1646 V.
319 1619 357 1647 id.
403 1619 463 1647 ΕΡ.
476 1620 537 1647 ΔΒ.
555 1619 607 1647 Οδ.
620 1620 647 1647 d.
660 1619 841 1647 Sebastianus
859 1619 982 1654 Suess¹⁴)
1001 1628 1080 1655 ppos.
1093 1619 1122 1646 in
1141 1619 1223 1647 Nova
1241 1618 1373 1646 Civitate.

259 1662 306 1689 IV.
319 1662 357 1689 id.
402 1662 462 1690 ΕΡ.
475 1663 534 1690 AB.
554 1662 606 1690 Ob.
618 1663 645 1690 d.
656 1663 814 1696 Iacobusu)
833 1663 898 1691 abb.
911 1663 941 1690 in
954 1662 1085 1697 Wilring.
1114 1662 1154 1689 M.
1174 1662 1225 1690 Ob.
1238 1662 1271 1689 fr.
1286 1664 1404 1690 Ioannes
1423 1662 1498 1696 pleb.
1512 1662 1541 1689 in
1561 1662 1701 1690 Tuernitz.

259 1705 307 1732 111.
320 1705 358 1732 id.
403 1706 445 1733 M.
465 1706 516 1734 Ob.
527 1706 561 1733 fr.
574 1706 691 1733 Iacobus
709 1705 773 1739 Kin,
792 1706 851 1734 dec.
864 1708 894 1734 et
912 1715 971 1741 par.
986 1705 1307 1740 Klosterneuburgensis.

270 1750 306 1776 II.
318 1749 356 1777 id.
400 1749 425 1777 I.
439 1749 474 1777 R.
494 1749 553 1776 NB.
572 1749 641 1777 Otto
659 1749 715 1776 dux
733 1750 876 1781 Austriae,
900 1749 949 1784 qui
967 1749 1099 1776 fundavit
1116 1758 1189 1776 mon.
1202 1749 1279 1776 Novi
1296 1748 1410 1776 Montis.
1447 1749 1547 1775 Seruius
1567 1748 1696 1776 Austriae
1717 1750 1805 1777 archi-

454 1793 509 1820 dux
518 1794 559 1826 ¹⁸),
578 1794 677 1827 postea
694 1792 878 1827 inauguratus
897 1793 952 1819 dux
970 1792 1143 1823 Carinthiae.
1163 1794 1349 1827 cognomento
1371 1791 1516 1825 Mirabilis,
1537 1791 1621 1819 huius
1638 1792 1759 1819 nominis
1777 1793 1806 1820 in

453 1835 651 1871 Habspnrgica
667 1835 777 1863 familia
795 1836 914 1870 primus,
936 1835 985 1870 qui
1002 1835 1107 1863 ordinis
1124 1836 1152 1862 ni
1170 1835 1259 1863 moni·
1279 1835 1548 1871 Paumgartenberg,
1573 1835 1805 1870 Engelhartszell,

453 1879 540 1907 Zwetl
563 1879 674 1907 dotavit
697 1881 727 1907 et
743 1879 928 1907 Neomontem
952 1888 969 1906 a
989 1879 1181 1906 fundamentis
1204 1878 1354 1910 exstruxit,
1380 1879 1409 1905 in
1428 1887 1484 1913 quo
1503 1878 1631 1913 sepultus
1649 1878 1724 1906 iacet
1743 1888 1806 1906 eum

454 1922 546 1957 prima
564 1922 682 1958 coniuge
700 1931 751 1949 sua
768 1922 933 1950 Elisabetha
952 1924 982 1950 et
1000 1922 1058 1949 filio
1078 1922 1227 1957 Leopoldo.

321 1965 358 1993 id.
405 1966 437 1993 L.
457 1965 508 1993 Ob.
522 1965 660 1993 Henricus
677 1966 847 1993 benefactor.

230 2008 304 2036 XVI.
317 2009 374 2036 kal.
403 2009 428 2035 1.
441 2009 478 2036 Β.
497 2008 548 2036 Ob.
561 2009 595 2035 d·
612 2008 768 2042 Elysabeth
779 2010 812 2041 ¹⁸¹)
830 2008 986 2036 fundatoris
1003 2008 1086 2035 monii
1104 2007 1179 2035 Novi
1197 2007 1302 2035 Montis
1321 2007 1502 2035 conthoralis.

246 2052 306 2079 XV.
318 2052 375 2079 kal.
402 2051 428 2079 Ι.
441 2051 476 2079 R.
494 2051 545 2079 Ob.
558 2051 585 2079 d.
598 2051 755 2079 Bernardus
780 2052 814 2079 de
837 2052 934 2085 Ror¹⁸)
959 2051 1097 2086 archieps.
1114 2050 1363 2086 Salisburg(ensis).
1393 2050 1455 2077 ΕΡ.
1468 2050 1530 2077 ΑΒ.
1556 2050 1608 2078 Ob.
1625 2050 1651 2077 d.
1669 2050 1807 2078 Martinus

454 2095 519 2122 abb.
534 2095 564 2121 in
582 2094 770 2129 Smarbach.⁸)

231 2138 305 2166 XIV.
317 2139 375 2165 kal.
403 2138 427 2165 Ι.
442 2138 476 2165 R.
495 2137 547 2165 Ob.
557 2138 583 2165 d.
596 2138 753 2170 Ioannes¹⁹)
771 2138 912 2172 quondam
930 2136 1144 2172 Strigoniensis,
1167 2136 1346 2171 postmodnm
1366 2136 1587 2171 Salisburgensis
1605 2136 1743 2171 archieps.
1771 2137 1806 2164 L.

453 2181 578 2209 Andreas
599 2180 729 2208 Carnifex
747 2180 917 2209 benefactor.

231 2225 304 2251 XIII.
317 2225 374 2252 kal.
403 2224 463 2252 ΕΡ.
476 2224 536 2252 AB.
555 2224 606 2251 Ob.
620 2224 646 2251 d.
658 2223 826 2258 Andreasw)
844 2223 909 2251 abb.
926 2224 1008 2251 moni!
1027 2233 1048 2251 s.
1062 2223 1210 2250 Trinitatis
1230 2223 1259 2250 in
1278 2223 1360 2250 Nova
1375 2222 1507 2250 Civitate.
1535 2222 1569 2249 L.
1592 2222 1644 2250 Ob.
1656 2223 1807 2258 Philippus

455 2267 651 2305 Tafekmeister
668 2266 838 2295 benefactor.

144 2311 186 2338 21.
246 2311 307 2338 XII.
319 2311 376 2338 kal.
403 2311 428 2338 Ι.
442 2310 478 2338 R.
496 2310 547 2338 Οδ.
558 2309 614 2336 dux
626 2309 892 2345 christophorusss),
906 2309 1110 2345 primogenitus
1121 2309 1257 2336 Friderici
1270 2309 1455 2344 imperatoria
1476 2308 1511 2337 L.
1529 2309 1579 2337 Ob.
1591 2309 1806 2344 christophorus

455 2354 589 2381 Polzman
606 2353 693 2380 samin.

251 2451 273 2483 ι)
294 2451 411 2484 Gor-rige.-
429 2450 580 2476 Formbach.

252 2518 272 2552 ¹)
296 2517 341 2545 Ob.
355 2517 409 2545 IV.
421 2517 458 2546 id.
473 2517 553 2545 Febr.
646 2517 668 2550 ²)
688 2516 734 2544 Ob.
748 2519 819 2543 1397.
915 2516 936 2549 ¹)
960 2515 1101 2543 Udabn‘m
1118 2515 1149 2542 de
1164 2515 1237 2543 Weiz
1255 2520 1404 2550 1496-99‚
1420 2516 1564 2550 resignavit
1577 2517 1805 2551 praeposituram.

146 2561 168 2596 ⁴)
187 2561 285 2588 Petms
308 2561 485 2596 Enqelbrecht
507 2564 681 2588 1476—1491.
794 2560 815 2592 ⁶)
838 2559 1018 2594 Wolfqanffloe
1041 2558 1191 2586 ffliewauer
1214 2562 1384 2586 1511—1539.
1498 2561 1519 2593 ⁸)
1538 2559 1628 2586 Recte:
1655 2561 1748 2595 Aqnes
1772 2559 1806 2587 de

148 2604 310 2639 Tlummqia.
399 2604 421 2639 ⁷)
439 2604 617 2632 Heu-marmus
628 2603 811 2631 Panachadaer
824 2605 999 2630 1338—1339.
1088 2603 1110 2636 ⁸)
1130 2606 1301 2636 1508—1518,
1319 2603 1359 2630 ob.
1373 2603 1424 2630 kal.
1436 2603 1537 2630 Martii
1549 2607 1620 2630 1518.
1711 2604 1732 2637 ⁸)
1756 2603 1806 2631 Ge-

145 2647 244 2674 rar-due
255 2647 296 2675 11.
309 2651 486 2681 1445—1466,
505 2647 544 2675 ob.
556 2647 636 2674 XVI.
650 2647 703 2673 kal.
717 2646 794 2674 Febr.
806 2654 832 2673 a.
842 2649 919 2674 1466.
1009 2646 1043 2679 ¹⁰)
1061 2646 1182 2681 Angelus
1196 2646 1329 2680 Rumpler
1339 2646 1396 2674 abb.
1411 2645 1617 2673 Formbacensis
1630 2650 1804 2676 1501-1513.

150 2692 182 2725 ιι)
201 2694 374 2719 1317—1328.
463 2692 497 2725 ¹²)
515 2693 690 2718 1333-1342.
781 2690 813 2722 ¹⁸)
832 2693 1007 2722 1447—1461‚
1022 2697 1075 2723 quo
1087 2697 1162 2716 armo
1174 2689 1308 2716 abbatiam
1319 2689 1473 2724 resignavit,
1492 2690 1532 2717 ob.
1544 2698 1608 2716 mm.
1619 2689 1718 2716 Martii
1729 2693 1804 2718 1459.

149 2735 182 2768 ¹⁴)
201 2734 312 2761 Forsan
329 2734 438 2768 coma..-
456 2733 555 2761 Fuchs.
652 2734 685 2767 ι’5)
703 2733 820 2760 Iacobus
833 2733 857 2760 I.
874 2735 1046 2760 1385—1421.
1145 2732 1179 2767 ¹⁸)
1199 2732 1319 2767 συνήρα
1337 2733 1401 2760 dux.
1442 2732 1487 2760 Ob.
1499 2733 1581 2761 XVI.
1590 2733 1643 2760 kal.
1658 2732 1806 2760 Februarii

145 2786 172 2804 a.
193 2779 263 2804 1339.
379 2778 412 2811 Π)
439 2776 486 2804 Ob.
502 2777 588 2804 VIII.
609 2776 662 2804 kal.
683 2776 788 2810 Aprilis
814 2778 880 2803 1330
905 2776 1063 2804 intoxicata.
1179 2777 1213 2810 ¹¹³)
1239 2779 1420 2810 1468—1482,
1451 2776 1598 2811 resignavit
1625 2778 1650 2803 et
1676 2776 1714 2804 ob.
1733 2779 1805 2804 1487.

149 2821 183 2854 1·)
202 2823 377 2848 1482—1489.
483 2820 518 2855 ¹⁰)
536 2819 663 2847 Andreas
681 2819 706 2847 Ι.
724 2822 910 2860 1483—14873
1009 2820 1043 2853 ²¹)
1063 2819 1108 2846 Ob.
1123 2823 1199 2846 1456.

250 2871 336 2899 Nava.
349 2871 455 2899 me.
1563 2872 1597 2898 15
