2150 3178
541 185 806 214 NECROLOGIUM
825 185 1014 214 CANONIAE
1032 186 1081 213 AD
1100 186 1126 213 S.
1139 186 1388 213 HIPPOLYTUM.
1730 189 1792 219 525

447 273 528 304 riani
556 272 612 304 cfr.
632 283 662 303 n.
707 272 869 305 Iohannes
897 276 929 304 et
953 272 1073 315 Symon
1100 273 1141 305 de
1164 273 1318 314 Medlhzo,
1349 273 1416 315 pbrd
1439 275 1472 305 et
1495 273 1567 304 ofr⁰⁵
1589 273 1628 305 n¹.
1674 273 1791 306 Petrus

449 323 551 355 dictus
575 322 790 364 Sweinpekch
816 324 885 366 pbr.
909 325 948 356 de
973 323 1008 355 S⁰
1028 324 1192 365 Floriano,
1224 325 1279 356 cfr.
1300 335 1330 355 n.
1376 325 1428 356 Fr.
1446 324 1664 356 Oholomanus
1688 325 1791 357 dietus

447 374 587 406 Sunklar
610 374 650 406 (16
673 373 710 406 S⁰
724 375 876 407 Floriano
901 375 990 417 dyae.
1009 379 1041 407 et
1061 375 1116 407 cfr.
1131 387 1161 407 11.
1207 375 1394 408 Oristannus
1416 376 1507 418 dyao.
1525 376 1565 408 de
1581 376 1790 418 Herczogen-

447 425 551 467 burga
574 429 607 457 et
630 425 686 457 cfr.
703 437 733 458 n.
779 431 822 458 Fr.
839 431 980 458 Antonius
1003 432 1037 458 de
1060 431 1237 466 'Pegernnsee
1260 432 1321 466 pbr.
1338 433 1367 459 et
1390 432 1439 459 cfr.
1455 442 1481 459 n.

140 485 181 513 19.
226 485 370 512 X111.kal.
398 481 633 513 Herwordus
656 482 736 522 civ.‚
761 482 905 514 oblatio
930 485 1012 520 753.
1051 482 1237 524 [Syfridus
1261 483 1424 515 ecclesie
1447 483 1689 515 Seooviensis
1711 483 1789 525 pbr.

447 536 484 564 et
515 534 579 564 cfr.
603 544 632 564 n.
683 532 838 565 Ulricus
866 544 916 565 ev.
940 535 976 565 in
1000 533 1330 566 chremsmunster
1360 538 1396 566 et
1423 535 1488 566 cfr.
1510 545 1540 566 11.
1591 535 1791 576 Ruegerus

448 584 613 616 Chelner
645 584 708 616 cfr.
734 595 764 615 n.
821 585 1005 616 Ernestus
1038 585 1082 617 (16
1113 585 1468 618 Chremsmuenster
1500 586 1578 628 pbr.
1604 590 1642 618 et
1672 586 1735 629 cfr.
1760 597 1789 617 n.

446 636 554 667 Anna
584 635 688 667 diota
716 635 895 667 Sozzerin
926 642 986 668 ova
1014 638 1049 667 in
1080 637 1373 679 Herozowurga,
1407 647 1550 669 consor.
1574 637 1618 680 n.]
1671 636 1790 669 Cholo-

447 697 582 718 mannus
611 687 652 718 (16
675 687 874 730 Neunburga
901 688 969 729 pbr.
992 691 1024 720 et
1047 689 1103 720 cfr.
1121 700 1150 720 n.
1196 689 1248 720 Fr.
1265 689 1417 720 Erasmus
1441 689 1481 720 de
1507 689 1675 721 Olmuntez
1699 688 1790 730 dyao.

448 738 484 770 8⁹
504 738 671 770 Dorothee
695 738 825 770 Wienn.
871 739 1032 781 Georgius
1055 740 1125 781 pbr.
1146 739 1347 772 Seeoviensis
1371 744 1404 772 et
1426 740 1480 772 cfr.
1498 751 1528 772 11.
1573 740 1614 772 D.
1630 740 1791 772 Iohannes

448 789 489 821 de
507 789 542 821 S⁰
558 790 709 821 Floriano
734 790 790 821 cfr.
807 801 837 821 n.
876 790 916 821 D.
934 790 1093 832 Georgius
1109 791 1177 832 pbr.
1195 794 1227 822 et
1243 792 1298 823 cfr.
1316 803 1345 823 n.
1364 792 1486 834 (14)98.
1525 792 1791 824 Wartholomeus

447 841 521 872 abb.
543 842 576 872 in
597 841 789 883 Witignaw,
819 842 875 873 cfr.
898 853 927 873 n.
979 847 1012 874 D.
1028 847 1127 874 Petrus
1151 847 1340 874 Schonaicher
1366 848 1400 875 de
1424 848 1456 875 S⁰
1470 848 1583 875 Andr-ea
1606 848 1668 882 pbr.
1688 849 1717 875 et
1740 848 1790 875 cfr.

446 892 479 919 D.
490 892 608 919 Iacobus
622 892 709 919 Hoser
721 893 796 926 pleb.
809 892 839 918 in
852 893 884 919 S⁰
897 893 978 925 Loco,
995 894 1055 927 pbr.
1066 895 1094 920 et
1107 893 1155 920 cfr.
1167 902 1201 926 n.,
1220 893 1319 927 (15)22.
1349 893 1381 921 D.
1392 894 1549 928 Stephanus
1562 894 1654 921 dictus
1667 894 1791 921 Andreas

446 935 608 967 Ierstarffer,
627 935 733 969 Caspar
752 936 825 970 pleb.
839 936 869 962 in
882 935 1019 968 Minsteir,
1038 936 1159 963 Michael
1174 936 1341 971 Lemberger
1358 937 1419 971 pbri
1438 938 1466 963 et
1484 937 1547 964 efres
1559 937 1587 963 ni
1599 936 1627 963 in
1642 936 1790 964 Reichens-

446 987 524 1013 perg.
560 979 697 1011 Andreas,
724 979 876 1009 Achacius,
902 979 1022 1014 Iorgius,
1048 979 1163 1011 Rainer‚
1189 979 1292 1006 Paulus
1309 979 1521 1014 Schemperger,
1547 980 1619 1007 diaci
1638 979 1742 1006 ibidem
1762 982 1790 1007 et

447 1022 514 1048 efres
532 1022 567 1048 ni.
604 1022 739 1048 Chai-olus
758 1021 862 1048 Rainer
880 1021 951 1048 diae.
965 1021 1078 1054 ibidem,
1098 1022 1146 1048 cfr.
1160 1031 1185 1048 n.

136 1072 180 1101 20.
237 1072 298 1099 ΧΠ.
311 1073 368 1100 kal.
395 1069 538 1101 Albero
562 1070 639 1111 pbr.
657 1073 693 1101 et
716 1070 756 1101 fr.
774 1081 804 1101 n.
851 1069 1045 1112 [Albertus
1068 1069 1241 1111 subdyao.
1259 1073 1296 1101 et
1318 1070 1358 1101 fr.
1375 1081 1405 1101 n.
1450 1070 1643 1102 Iohannes
1667 1070 1790 1101 dictus

445 1121 643 1162 Hyrsawer
676 1122 723 1153 (16
755 1121 1124 1163 Berchtolozgadem
1160 1122 1223 1153 cfr.
1247 1132 1277 1153 n.
1334 1121 1389 1152 Fr.
1414 1121 1551 1152 Daniel
1580 1132 1651 1153 sao.
1681 1125 1718 1152 et
1747 1132 1789 1152 m.

447 1178 480 1203 εὖ
499 1172 618 1204 Mario
641 1173 802 1215 virginis
831 1173 867 1204 in
890 1173 1031 1214 Campo
1061 1173 1243 1213 liliorum,
1274 1173 1338 1204 cfr.
1359 1183 1389 1203 n.
1434 1172 1623 1205 Iohannes
1653 1173 1732 1214 pbr.
1755 1175 1791 1204 et

447 1224 488 1256 fr.
502 1235 531 1255 n.
567 1224 760 1256 Iohannes
777 1224 821 1256 de
837 1224 1188 1266 Herczogenburga
1211 1224 1289 1266 pbr.
1309 1227 1346 1256 et
1369 1224 1431 1255 cfr.
1449 1235 1478 1255 n.
1514 1223 1790 1266 Ohunegundis

446 1285 589 1307 consor.
606 1286 651 1317 n.,
682 1275 823 1307 oblatio
847 1279 892 1307 40
910 1281 936 1310 ο).
980 1276 1261 1308 Cholomannus
1291 1286 1395 1317 ppos.
1419 1275 1788 1317 Newnburgensis¹)‚

447 1327 523 1368 pbr.
541 1330 579 1359 et
601 1327 665 1359 cfr.
681 1328 724 1368 n.]
764 1327 948 1368 Stephanus
965 1327 1150 1358 Tredorffer
1170 1327 1238 1368 pbr.
1257 1327 1298 1358 ad
1319 1326 1379 1358 Sum
1392 1327 1558 1358 Andream
1581 1330 1614 1358 ot
1629 1327 1789 1358 Iohannes

447 1389 494 1410 cv.
522 1378 643 1410 ibidem
674 1382 734 1410 etc.
781 1379 976 1410 Wilhalmus
1006 1378 1209 1410 Rietentaler
1240 1378 1281 1409 de
1311 1378 1495 1420 Newburga
1525 1378 1593 1420 pbr.
1616 1381 1649 1410 et
1678 1378 1733 1410 cfr.
1759 1390 1787 1409 n.

445 1429 486 1461 D.
502 1430 703 1472 Pangraoius
731 1430 771 1462 de
794 1430 1049 1472 Herczogburga
1077 1430 1145 1471 pbr.
1167 1433 1200 1461 et
1227 1430 1282 1461 cfr.
1304 1441 1332 1461 n.
1379 1430 1566 1471 Walpurgis
1593 1430 1706 1461 Hanns
1736 1441 1787 1461 am

445 1481 623 1524 Puchlin.³)
657 1482 798 1514 Michael
821 1483 852 1514 in
868 1482 1107 1523 Reichersperg
1127 1482 1196 1523 pbr.
1215 1485 1247 1513 et
1263 1482 1318 1513 cfr.
1332 1492 1362 1512 n.
1397 1481 1564 1522 Martinus,
1580 1481 1702 1513 ibidem
1718 1482 1788 1523 pbr.

446 1532 478 1559 D.
492 1531 621 1559 Erasmus
642 1533 677 1560 de
695 1533 728 1560 S⁰
741 1533 879 1560 Michaele
903 1534 950 1559 cfr.
967 1542 994 1560 n.
1030 1533 1062 1559 D.
1076 1533 1212 1560 Iohannes
1231 1532 1355 1559 Griesser
1377 1532 1410 1559 de
1429 1532 1461 1558 S⁰
1474 1532 1580 1559 Zenone
1603 1533 1677 1566 pbr.‚
1700 1533 1748 1559 cfr.
1762 1542 1787 1559 n.

445 1575 489 1603 Fr.
504 1575 651 1602 Udalricus
674 1576 713 1613 de¹
727 1576 985 1611 Pawngartenperg
1009 1575 1069 1610 pbr.
1088 1578 1117 1603 et
1140 1576 1188 1603 cfr.
1205 1585 1243 1607 n.,
1268 1575 1335 1602 olim
1358 1576 1455 1602 cantor
1478 1575 1563 1602 chori.
1599 1575 1623 1608 b)
1635 1575 1664 1602 D.
1678 1575 1789 1602 Blasius

447 1618 571 1646 Huebler
589 1619 623 1645 de
642 1619 810 1646 Ranshoffen
829 1619 889 1653 pbr.
903 1620 932 1646 et
952 1619 1000 1645 cfr.
1014 1628 1039 1645 n.

137 1667 180 1696 21.
255 1668 301 1695 XI.
314 1669 372 1697 kal.
398 1665 553 1698 Ulricus
575 1666 878 1709 Mainbergarius
906 1667 984 1709 pbr.
1009 1670 1045 1698 et
1075 1667 1116 1697 fr.
1138 1677 1167 1697 n.
1215 1666 1412 1708 [Martinus
1442 1665 1521 1707 pbr.
1546 1666 1591 1697 de
1615 1665 1787 1698 Ohrems-

445 1721 615 1750 munster
638 1721 676 1749 et
698 1719 763 1750 cfr.
780 1730 811 1750 n.
856 1718 1056 1759 Gerungus
1078 1718 1155 1759 pbr.
1173 1717 1218 1749 de
1235 1717 1457 1749 Walthausn
1481 1720 1518 1748 et
1535 1718 1598 1748 cfr.
1616 1729 1645 1748 n.
1691 1718 1786 1749 Kili-

445 1779 537 1800 anus
561 1769 637 1811 pbr.
663 1773 700 1802 et
725 1770 766 1801 fr.
783 1781 812 1801 n.
859 1769 1110 1801 Marohardus
1138 1769 1263 1800 dictus
1287 1768 1412 1801 Oeder
1439 1769 1516 1809 pbr.
1541 1772 1578 1800 et
1605 1769 1646 1800 fr.
1667 1780 1711 1807 n.;
1741 1770 1786 1801 ad

445 1821 566 1852 anniv.
606 1825 806 1862 parentum
844 1832 994 1852 suorum
1034 1824 1071 1853 et
1108 1821 1272 1852 omnium
1313 1823 1597 1852 antecessorum
1635 1831 1785 1853 suorum

445 1872 597 1903 oblaoio
628 1875 646 1903 5
668 1872 731 1903 tal.
753 1878 774 1909 ἢ.
801 1872 845 1903 (16
873 1873 982 1903 vinea
1011 1873 1050 1903 in
1072 1871 1239 1904 Herstel.
1286 1871 1530 1902 Wolfhardus
1554 1871 1712 1904 Werder
1739 1872 1785 1904 de

444 1923 685 1965 Newnburga
713 1923 791 1965 pbr.
821 1926 861 1955 et
890 1924 954 1955 cfr.
978 1922 1020 1966 n.]
1071 1923 1244 1964 Yppolitus
1278 1922 1380 1954 dietus
1410 1923 1594 1964 Lasperger
1626 1924 1713 1964 prior
1745 1924 1785 1955 de

446 1974 482 2006 S⁰
497 1974 649 2006 Floriano
674 1977 707 2006 et
729 1975 784 2006 cfr.
801 1986 832 2006 n.
878 1975 1039 2006 Iohannes
1062 1985 1148 2016 mag.
1165 1974 1311 2015 coquine,
1336 1974 1390 2015 qui
1413 1973 1503 2005 dedit
1525 1974 1617 2005 nobis
1634 1977 1673 2006 30
1691 1975 1744 2007 tal.
1759 1979 1780 2011 o>

443 2026 605 2058 Iohannes
636 2026 677 2058 de
701 2026 815 2058 Stenoz
842 2026 910 2068 pbr.
933 2030 966 2058 et
994 2027 1048 2058 cfr.
1069 2038 1099 2057 n.
1153 2025 1298 2057 Barbara
1321 2025 1406 2056 diota
1429 2025 1539 2056 Beslin
1562 2036 1684 2057 consor.
1702 2037 1732 2058 n.
1750 2027 1783 2058 l·.

442 2078 553 2119 Agnes
576 2083 621 2109 mr
643 2078 673 2109 di
695 2078 785 2120 pposi
809 2081 842 2109 et
864 2089 925 2109 sor.
947 2089 978 2109 n.
1003 2080 1093 2110 1453.
1138 2077 1254 2109 Petrus
1278 2077 1318 2108 de
1342 2076 1643 2109 Chrembsmunster
1665 2077 1734 2119 pbr.
1753 2082 1786 2110 et

444 2128 499 2160 cfr.
517 2140 546 2160 n.
584 2129 741 2161 Martinus
764 2130 871 2161 senior
894 2129 934 2161 (16
950 2130 1069 2161 Varaw
1092 2129 1162 2170 pbr.
1179 2131 1212 2160 et
1235 2128 1291 2159 cfr.
1308 2139 1337 2159 n.
1383 2127 1423 2159 D.
1437 2127 1659 2170 Sigismundus
1683 2129 1738 2160 cfr.
1755 2140 1784 2161 n.

443 2180 483 2212 D.
500 2180 617 2212 Petrus
640 2181 681 2213 de
704 2181 945 2222 Hmtzoburga,
973 2181 1028 2213 cfr.
1050 2191 1079 2212 n.
1126 2180 1165 2211 D.
1182 2179 1410 2222 Wolffgangus
1433 2179 1474 2211 (16
1496 2179 1692 2222 Duceburga
1715 2181 1784 2222 pbr.

444 2235 478 2263 et
503 2232 558 2264 cfr.
575 2244 605 2264 n.
651 2238 684 2264 D.
698 2238 875 2272 Augustinus
895 2237 1007 2264 Stadler
1026 2237 1060 2264 de
1081 2236 1298 2275 Reychensperg
1320 2235 1381 2270 pbr.
1399 2237 1429 2262 et
1451 2236 1484 2263 sr.
1502 2245 1530 2262 n.
1548 2235 1623 2263 1523.

135 2289 178 2317 22.
258 2291 293 2318 X.
306 2292 364 2319 kal.
394 2287 608 2330 Wulfingus
635 2289 712 2330 pbr.
737 2289 782 2320 de
806 2289 967 2320 Secovia
996 2292 1034 2320 et
1061 2288 1124 2319 cfr.
1147 2298 1176 2318 n.
1221 2286 1427 2318 Heinricus
1455 2286 1531 2328 pbr.
1557 2286 1592 2318 Si
1611 2287 1782 2329 Nycolai,

443 2340 510 2372 cfr.
526 2351 557 2371 n.
603 2340 810 2382 Pilgrimus
833 2341 936 2382 dyae.
961 2343 997 2372 et
1019 2340 1060 2371 fr.
1077 2351 1107 2371 11.
1153 2338 1413 2381 [Marquardus
1436 2338 1559 2370 dietus
1583 2338 1683 2370 Oder
1706 2339 1782 2381 pbr.

445 2394 482 2422 et
512 2391 553 2422 fr.
576 2391 635 2433 n.⁰)
687 2391 824 2423 Petrus
856 2391 932 2423 dec.
963 2390 1072 2422 monii
1099 2390 1126 2421 si
1153 2390 1314 2431 Nycolai
1344 2389 1473 2420 Patav.
1505 2392 1614 2421 extra
1643 2401 1782 2431 muros,

444 2443 510 2474 cfr.
527 2454 558 2474 n.
603 2443 790 2475 Martinus
814 2447 851 2475 et
874 2443 1055 2483 Marinus,
1080 2441 1160 2483 pbri
1184 2442 1220 2472 in
1235 2440 1598 2483 Pawgartenpergd)‚
1623 2441 1712 2473 cfr⁸⁸
1728 2442 1783 2486 υἱ]

444 2493 635 2526 Chunradus
666 2505 713 2526 ov.
745 2494 786 2525 (16
818 2493 854 2525 S*
877 2494 995 2534 Cruoe,
1028 2493 1084 2524 cfr.
1110 2504 1139 2524 n.
1192 2492 1378 2523 Cristannus
1412 2491 1515 2523 dictus
1543 2492 1709 2533 Wyenner
1742 2493 1782 2525 de

443 2545 685 2587 Herczoburga,
708 2545 777 2587 pbr.
795 2549 828 2577 et
851 2545 906 2576 cfr.
920 2556 949 2576 n.
985 2544 1125 2576 Michael
1142 2543 1271 2575 Stadler
1287 2543 1377 2584 dyac.
1396 2546 1428 2574 et
1450 2543 1505 2574 cfr.
1521 2554 1551 2574 n.
1585 2544 1783 2576 Laurencius

241 2671 264 2704 ⁵)
283 2671 352 2698 Nota
370 2672 432 2698 haec
451 2681 532 2706 supra
550 2674 633 2699 locum
652 2683 741 2699 rasum
759 2674 862 2706 scripta.
959 2672 984 2705 b)
1003 2673 1124 2706 Sequitur
1143 2674 1212 2698 locus
1229 2682 1313 2698 rasus.
1413 2673 1435 2705 0)
1455 2673 1527 2699 Haec
1545 2678 1606 2699 nota
1624 2673 1680 2706 fere
1697 2683 1782 2702 erasa.

132 2712 158 2746 ἃ)
178 2713 222 2740 Sic
240 2715 295 2740 cod.

238 2800 258 2832 ¹)
278 2802 447 2833 1371—1394,
466 2808 517 2833 quo
533 2809 608 2827 armo
622 2801 815 2834 praepositura
832 2808 857 2827 se
875 2800 1013 2827 abdicam’t.
