2150 3178
678 778 869 838 MON
870 779 1058 838 UME
1066 780 1127 838 N
1129 780 1243 838 TA
1316 847 1319 851 ⁴

416 874 530 933 NE
537 873 807 933 CROLO
816 873 1018 932 GICA
1061 874 1499 933 CANONIAE

273 968 329 1027 S.
354 967 883 1027 DOROTHEAE
918 969 1135 1027 VIND
1146 968 1255 1028 OB
1264 968 1649 1028 ONENSIS.

241 1109 486 1155 Canonicorum
513 1121 654 1162 reyulam
680 1132 704 1153 s.
722 1121 900 1162 Augustini
919 1121 1138 1161 professorum
1165 1122 1303 1153 canonia
1330 1121 1364 1153 S.
1383 1121 1560 1153 Dorotheae
1589 1121 1789 1154 Vindobonae

131 1174 171 1206 ab
193 1173 321 1205 Alberto
350 1173 385 1205 V.
409 1173 563 1205 Austriae
589 1173 667 1205 duce
694 1183 719 1205 s.
736 1173 913 1214 Auqustini
941 1173 1020 1212 festo
1046 1183 1077 1204 a.
1097 1174 1182 1204 1414
1209 1173 1351 1211 fundata
1377 1183 1415 1204 ac
1442 1173 1551 1204 dotata
1578 1176 1631 1204 est.
1685 1174 1786 1206 Cuius

131 1226 195 1258 loco
217 1226 284 1258 iam
299 1226 397 1266 prius
412 1225 562 1258 Albertus
576 1226 627 1257 II.
644 1225 799 1257 Austriae
821 1225 888 1256 dum
910 1225 1062 1264 capellam
1084 1236 1109 1257 s.
1126 1224 1303 1257 Dorotheae
1322 1225 1439 1265 viryini
1454 1225 1593 1256 dicatam
1609 1228 1788 1257 construere

131 1278 238 1317 coepit,
261 1287 358 1317 quam
380 1277 544 1316 Rudolfus
564 1277 627 1309 IV.
644 1278 800 1308 Austriae
822 1276 899 1315 dux,
923 1277 992 1308 eius
1013 1276 1111 1316 filius,
1134 1277 1270 1309 secundo
1291 1277 1455 1317 regiminis
1476 1277 1530 1308 sui
1550 1287 1635 1308 anno
1652 1278 1788 1317 perfecit

131 1331 225 1369 atque
246 1329 489 1361 consecrandam
511 1329 645 1360 curavit.
695 1327 840 1361 Canonia
861 1338 931 1359 vero
953 1328 992 1360 ab
1008 1328 1135 1359 Alberto
1155 1328 1189 1360 V.
1206 1329 1361 1360 Austriae
1384 1328 1468 1366 duce,
1492 1328 1548 1368 qui
1567 1339 1646 1367 opus
1661 1339 1681 1360 a
1691 1331 1787 1368 patre

130 1381 289 1420 inceptum
310 1380 354 1412 ad
374 1381 469 1420 finem
485 1380 650 1420 perduxit,
667 1380 880 1419 persuadente
901 1380 1035 1411 Andrea
1058 1379 1212 1418 Planum,
1229 1379 1370 1419 parocho
1392 1380 1428 1411 in
1453 1380 1539 1412 Gars
1561 1380 1689 1420 eiusque
1711 1391 1787 1412 can-

131 1432 272 1471 cellario,
302 1432 445 1473 fundata
476 1442 514 1463 ac
546 1442 577 1463 a.
600 1432 685 1463 1414
718 1432 879 1463 canonicis
912 1442 951 1463 ex
985 1432 1122 1463 canonia
1155 1432 1191 1463 in
1221 1431 1400 1463 Diirnstein
1431 1431 1548 1463 vocatis
1578 1431 1699 1463 tradita
1732 1434 1786 1463 est.

131 1484 336 1516 Structuram
357 1494 427 1515 vero
449 1494 488 1515 ac
510 1484 579 1516 eius
600 1484 789 1515 dotationem
806 1486 1078 1523 praememoratus
1101 1483 1249 1515 Andreas
1271 1482 1425 1521 Planckh,
1453 1483 1545 1514 ducis
1567 1482 1786 1522 cancellarius,

131 1546 162 1567 a.
178 1536 264 1568 1422
285 1534 425 1576 explevit,
448 1536 504 1575 qui
527 1535 593 1567 ideo
612 1535 772 1577 fundator
793 1535 951 1567 secundus
973 1534 1130 1575 appellari
1147 1537 1259 1575 potest.

236 1597 265 1627 1.
299 1595 353 1627 Eae
382 1595 480 1627 huius
508 1595 660 1627 canoniae
688 1595 897 1626 monumentis
923 1595 1123 1635 necroloyicis
1139 1595 1284 1636 primum
1307 1595 1424 1626 obtinet
1446 1594 1547 1626 locum
1569 1594 1786 1635 necroloyium,

130 1647 214 1687 quod
236 1647 353 1678 codicis
374 1647 506 1678 minoris
527 1647 649 1686 formae
670 1647 911 1685 membranacei,
934 1647 1033 1686 prius
1056 1646 1230 1678 Dorotheer
1252 1646 1385 1685 Archiv,
1422 1646 1462 1679 G.
1479 1646 1521 1678 ΙΙ
1546 1657 1596 1678 nr.
1613 1647 1667 1685 10,
1701 1657 1788 1678 nunc

132 1698 234 1730 Ladel
261 1698 295 1730 Y
310 1709 360 1730 nr.
375 1699 418 1730 24
447 1699 576 1739 siynati,
608 1699 644 1730 in
673 1699 832 1730 tabulario
862 1699 1016 1730 canoniae
1042 1699 1409 1739 Olaustroneoburyensis
1431 1699 1599 1737 asservati,
1626 1699 1670 1730 27
1695 1698 1788 1740 foliis

125 1753 257 1790 praeter
278 1749 345 1781 alia
367 1750 555 1788 continetur,
578 1750 702 1782 circiter
724 1760 754 1781 a.
774 1750 858 1781 1440
881 1749 1062 1782 inchoatum
1085 1760 1123 1781 ac
1144 1760 1243 1790 usque
1257 1750 1292 1781 in
1308 1760 1386 1781 saec.
1401 1752 1452 1782 17.
1469 1750 1569 1781 variis
1583 1750 1787 1782 librariorum

131 1801 277 1834 manibus
299 1801 476 1833 deductum.
519 1801 622 1834 Codex
645 1812 715 1833 vero
736 1802 857 1833 duobus
871 1801 968 1840 foliis,
991 1802 1027 1833 in
1042 1802 1156 1842 quibus
1171 1805 1262 1834 notae
1278 1802 1401 1833 dierum
1417 1812 1439 1833 a
1454 1801 1504 1833 ΙΙ.
1521 1801 1583 1833 kal.
1602 1801 1788 1843 Septembris

131 1863 230 1893 usque
253 1853 297 1884 ad
317 1853 401 1884 XII.
418 1852 480 1884 kal.
501 1852 640 1885 Octobris
661 1854 797 1893 scriptae
819 1856 926 1892 erant,
954 1856 983 1885 et
1004 1853 1127 1885 ultimis
1145 1853 1249 1895 foliis,
1277 1864 1358 1893 quae
1380 1854 1497 1885 mensis
1518 1853 1701 1885 Novembris
1722 1853 1787 1885 De-

132 1905 321 1944 ccmbrisque
343 1906 435 1936 notas
457 1905 666 1943 continebant,
690 1905 803 1936 ecccisis
826 1904 959 1937 mutilus
981 1907 1035 1937 est.
1079 1905 1170 1946 Quod
1187 1905 1394 1946 necroloqium
1409 1905 1460 1937 hic
1470 1906 1613 1946 primum
1628 1905 1786 1945 vulgatur.

238 1957 317 1989 Cum
343 1956 427 1987 notis
455 1956 495 1988 ab
523 1957 665 1988 auctoris
691 1956 888 1996 aliorumque
910 1956 1116 1988 librariorum
1138 1957 1285 1988 manibus
1307 1957 1443 1989 saeculis
1465 1957 1601 1998 sinyulis
1623 1957 1788 1998 descriptis

131 2018 211 2050 opus
237 2008 384 2039 navarim
407 2009 490 2049 typis
512 2008 757 2048 distinguendis,
790 2018 870 2048 quae
898 2009 1040 2040 auctoris
1062 2019 1162 2040 manu
1188 2009 1307 2048 scripta
1333 2011 1439 2047 erant,
1468 2009 1582 2040 litteris
1604 2009 1787 2047 maioribus,

131 2062 224 2092 notas
239 2070 318 2091 saec.
334 2059 385 2091 15.
401 2059 539 2099 reliquas
555 2059 669 2091 litteris
683 2060 857 2092 maioribus
872 2061 964 2091 uncis
979 2060 1119 2099 inclusis,
1136 2071 1174 2092 ea·
1187 2061 1387 2100 sequentibus
1403 2071 1473 2093 vero
1488 2071 1568 2092 saec.
1582 2062 1632 2092 16.
1646 2061 1788 2092 ineuntis

131 2114 255 2143 tantum
277 2111 408 2143 selectas
430 2111 545 2142 litteris
566 2112 700 2143 minutis
722 2112 942 2151 exprimendas
964 2113 1084 2144 curavi.

233 2171 264 2203 2.
295 2171 407 2203 Huius
429 2172 583 2203 canoniae
604 2171 738 2203 annales
759 2171 862 2204 codice
884 2173 1016 2204 minoris
1037 2173 1158 2211 formae
1180 2172 1342 2203 chartaceo
1364 2182 1445 2203 saec.
1464 2171 1515 2203 15.
1532 2172 1675 2203 coeeuntis
1691 2173 1718 2203 et
1734 2173 1785 2203 16.

130 2222 270 2254 ineuntis
297 2222 495 2254 bibliothecae
524 2223 707 2255 monasterii
736 2223 956 2256 Gottwicensis
978 2224 1043 2256 497
1067 2234 1197 2256 numero
1223 2224 1331 2262 rubro,
1365 2223 1450 2255 alias
1473 2223 1548 2262 XV,
1580 2222 1786 2255 Miscellanea

130 2275 262 2314 signato,
285 2274 342 2315 qui
366 2274 399 2306 S.
416 2274 591 2306 Dorotheae
612 2275 800 2307 canonicum
822 2275 995 2316 reyularem
1017 2276 1162 2308 habuisse
1182 2276 1307 2307 videtur
1326 2278 1494 2314 auctorem,
1514 2278 1642 2316 praeter
1661 2275 1787 2306 tabulas

130 2326 169 2358 de
197 2325 395 2358 electionibus
418 2327 670 2367 praepositorum
695 2326 823 2368 aliaque
851 2328 895 2359 ad
920 2328 1085 2360 historiam
1115 2328 1326 2360 canoniorum
1349 2327 1380 2359 S.
1397 2326 1577 2359 Dorotheae
1606 2330 1635 2358 et
1657 2327 1786 2359 Rotten-

131 2378 325 2409 mannianae
353 2379 530 2417 spectantia
558 2379 767 2411 continentur.
823 2379 907 2420 Quia
936 2383 1040 2411 autem
1067 2380 1289 2412 canonicorum
1311 2379 1443 2411 nomina
1466 2379 1560 2411 iuxta
1576 2379 1787 2418 professionis

130 2430 241 2461 seriem
270 2429 469 2468 exhibentur,
498 2431 594 2462 series
616 2431 835 2472 professorum
863 2431 996 2463 annales
1024 2432 1059 2463 hi
1087 2432 1248 2463 nominari
1264 2434 1408 2471 possent,
1437 2431 1495 2471 qui
1517 2431 1568 2462 hic
1585 2431 1728 2472 primum
1750 2430 1786 2462 in

131 2479 230 2512 lucem
251 2481 399 2512 eduntur.
445 2481 590 2522 Sinyulis
611 2483 834 2514 canonicorum
855 2483 1036 2516 nominibus
1058 2484 1145 2516 locus
1167 2486 1196 2515 et
1218 2494 1325 2515 annus
1347 2493 1385 2514 ac
1405 2483 1508 2514 obitus
1524 2483 1591 2514 dics
1601 2482 1787 2523 plerumque

130 2532 247 2564 adiecti
269 2535 354 2564 sunt.

234 2583 375 2616 Manum
402 2585 542 2616 auctoris
572 2595 653 2617 saec.
677 2585 727 2617 15.
750 2586 908 2624 exeuntis,
942 2596 1023 2626 quae
1047 2586 1262 2626 professorum
1291 2586 1421 2618 nomina
1450 2595 1548 2624 usque
1576 2585 1620 2616 ad
1647 2595 1677 2617 a.
1701 2585 1786 2616 1503

130 2636 270 2675 scripsit,
309 2635 423 2667 litteris
458 2637 631 2668 maioribus
664 2640 815 2677 notasque
851 2637 978 2670 librarii
1010 2639 1142 2670 secundi
1173 2649 1273 2670 manu
1306 2648 1385 2670 saec.
1411 2637 1461 2668 16.
1485 2636 1626 2668 ineuntis
1651 2637 1786 2676 scriptas

131 2687 246 2719 litteris
267 2687 400 2719 discrevi
421 2688 563 2720 minutis.

234 2738 502 2771 Reverendissimo
539 2740 664 2772 domino
698 2739 864 2772 Friderico
898 2741 999 2780 Piffl,
1031 2741 1178 2781 praelato
1219 2740 1571 2780 Claustroneoburyensi
1608 2739 1785 2778 venerabili,

132 2790 371 2831 doctoribusque
386 2790 580 2830 clarissimis,
603 2792 765 2824 Vincentio
784 2791 895 2824 Oscari
911 2793 1047 2834 Isudwiy
1069 2804 1108 2825 ac
1123 2792 1294 2825 Bertholdo
1313 2783 1437 2830 beruth,
1460 2791 1573 2823 amicis
1595 2792 1672 2823 meis
1688 2801 1786 2831 prae-
