2150 3178
278 188 388 216 LIBER
405 187 649 215 OBLATIONUM
666 186 713 214 ET
731 185 979 214 ANNIVERSAR.
991 185 1218 212 MONASTERII
1236 185 1384 212 SCOTOR.
1398 185 1703 213 VINDOBONENSIS.
1757 188 1818 219 315

266 275 351 307 Item
374 274 506 317 quidam
529 285 592 306 sac.
610 274 792 316 Stephanus
816 272 857 304 de
880 271 1074 304 Oasschovia
1098 272 1233 303 contulit
1255 272 1297 304 ad
1319 272 1555 304 infirmitorium
1578 283 1677 304 unum
1699 272 1819 305 lectum

163 327 204 359 de
227 327 354 369 plumis.
401 325 463 357 Ob.
480 329 587 357 autem
610 324 761 357 HIssnon.
779 323 988 366 Septembris.

264 378 349 410 Item
379 377 510 419 quidam
539 377 560 408 1.
585 377 714 408 nomine
743 376 904 407 Iohannes
933 374 1066 406 Maroch
1097 374 1257 406 edificavit
1287 374 1404 415 altare,
1440 375 1527 417 quod
1560 378 1608 407 est
1637 376 1669 406 in
1697 376 1819 408 honore

162 430 186 461 si
202 429 311 462 Alexii
333 431 554 461 consecratum
576 430 609 460 in
632 429 748 460 dextra
770 427 883 459 abside
907 427 1005 458 chori.
1053 426 1114 458 Ob.
1131 430 1240 458 autem
1263 426 1321 458 VI.
1338 427 1402 458 kal.
1421 427 1544 458 Marcii.

131 493 144 512 5
265 481 349 513 Item
373 481 503 522 quidam
520 480 634 512 doctor
648 481 726 512 iuris
742 479 887 511 canonici
902 478 1074 510 Hainricus
1089 478 1215 510 Fleckil
1231 478 1371 519 nomine,
1396 478 1542 510 officialis
1558 480 1695 512 ecclesie
1712 479 1819 511 Salcz-

160 532 338 575 burgensis,
361 534 498 564 testatus
521 535 570 564 est
591 532 683 564 nobis
707 534 747 564 20
771 532 909 563 florenos
932 531 964 561 in
987 540 1076 561 auro.
1123 530 1184 561 Ob.
1202 532 1310 561 autem
1334 530 1394 561 III.
1412 530 1463 572 yd.
1483 529 1643 562 Octobris.

129 576 133 579 ⁷
264 584 348 616 Item
372 583 503 625 quidem
524 583 617 615 ven¹¹⁸
640 583 671 615 d.
691 584 821 615 nomine
843 582 884 614 N.
902 581 1128 623 Studhaymer,
1157 591 1225 613 can.
1248 582 1462 623 Frisingensis
1491 585 1523 613 et
1551 582 1638 623 pleb.
1662 583 1694 613 in
1716 583 1819 614 Hain-

162 635 273 678 burga,
297 636 430 667 contulit
453 637 493 667 20
507 639 537 666 w
555 639 580 671 ᾧ.
626 635 686 667 Ob.
704 638 812 666 autem
835 634 894 665 IX.
912 634 977 665 kal.
995 633 1146 665 Ianuarii.

263 687 347 719 Item
378 686 510 728 quidam
540 687 595 718 cfr.
617 697 647 717 n.
670 686 774 718 dictus
801 685 840 717 N.
860 685 1124 726 Kummerbekk,
1157 684 1232 716 dum
1261 685 1397 726 viveret,
1429 684 1554 716 solebat
1583 686 1615 716 in
1645 685 1819 717 maioribus

117 749 142 769 ιο
160 738 450 780 sollempnitatibus
473 739 547 770 anni
571 738 695 769 scilicet
718 747 826 779 pasce,
858 736 1095 778 penthecosten,
1125 737 1301 768 nativitatis
1328 739 1361 768 et
1384 737 1617 778 assumpcionis
1641 737 1671 768 b.
1689 738 1819 778 virginis

159 789 262 821 Marie
290 789 331 821 ad
358 789 610 831 refeceionemfl)
637 789 704 821 fr'¹¹³¹
728 789 844 820 offerre
873 799 974 830 panes
997 788 1182 820 semellinos
1204 798 1322 830 magne
1347 789 1544 830 quantitatis.
1591 788 1652 820 Ob.
1669 789 1818 831 autem.¹’)

264 840 362 883 [Item
370 841 397 883 0)
413 841 449 872 d*
464 841 504 873 N.
519 841 648 873 Poetlin
671 841 762 873 dedit
784 841 941 882 speciales
964 840 1087 871 scilicet
1109 840 1249 871 zinciber
1257 839 1286 882 d)
1304 843 1364 872 etc.
1382 841 1414 871 in
1436 840 1546 872 valore
1571 843 1589 872 2
1603 846 1632 872 11).
1647 846 1668 878 ᾧ.
1686 844 1719 873 et
1736 841 1820 873 ultra

159 893 329 924 attinentia
351 893 620 934 praecedentibus
643 893 734 924 annis
758 892 935 924 consimilia
958 892 1044 924 fecit.

262 944 346 976 Item
370 944 400 975 (1.
418 944 559 976 Thomas
582 945 622 976 de
639 944 766 976 Weitra
790 943 881 975 dedit
902 943 1001 975 mon¹⁰
1025 946 1150 985 septem
1174 943 1282 975 libros.

118 1008 142 1027 u
262 996 348 1028 Item
371 996 538 1028 Gom-adue
560 996 790 1028 Mutenhauser
813 995 904 1027 dedit
927 998 993 1027 tres
1016 995 1156 1027 scatulas
1180 995 1328 1026 confecti.

263 1048 348 1079 Item
372 1047 500 1090 Gebing
530 1051 562 1080 et
588 1059 641 1080 ux.
663 1048 731 1079 eius
755 1047 897 1079 Schellm
926 1047 1017 1079 dedit
1042 1057 1141 1078 unum
1170 1050 1276 1079 ortum
1305 1050 1338 1079 et
1367 1047 1430 1078 duo
1455 1047 1574 1079 vexilla
1598 1051 1631 1080 et
1654 1049 1821 1090 ymagines

160 1100 256 1131 trium
279 1110 393 1142 regum
416 1101 449 1131 in
472 1100 645 1131 alabastro.

261 1151 346 1183 Item
369 1151 521 1183 Erasmus
545 1151 704 1183 Kemseer
725 1161 824 1183 unum
848 1151 1006 1182 ferculum
1030 1150 1070 1181 de
1092 1149 1234 1191 piscibus
1257 1150 1288 1181 in
1313 1150 1425 1181 valore
1449 1151 1467 1181 3
1484 1151 1514 1191 β.
1532 1150 1624 1193 (ew-⁸)

262 1204 344 1235 Item
359 1203 541 1235 Fridericus
553 1203 735 1235 Althaimer
746 1203 771 1245 1)
787 1202 932 1235 medicus
948 1202 1083 1234 contulit
1101 1201 1194 1233 nobis
1210 1202 1355 1243 calicem,
1373 1201 1472 1233 libros
1488 1202 1624 1234 scilicet:
1646 1203 1819 1235 Bartholo—

115 1265 141 1284 20
158 1266 266 1287 meum
290 1255 330 1286 de
353 1256 474 1286 naturis
496 1265 604 1286 rerum
614 1255 653 1297 ²),
676 1255 792 1286 librum
817 1255 1069 1296 ewangeliorum
1093 1257 1126 1285 et
1150 1254 1370 1296 epistolarum.

260 1307 344 1339 Item
367 1317 452 1348 mag.
470 1306 630 1339 Rudolfus
653 1306 694 1338 de
717 1306 876 1349 Heringin
899 1306 1034 1338 contulit
1057 1305 1190 1337 bibliam
1215 1306 1247 1336 in
1270 1315 1481 1347 pergameno.

261 1358 346 1390 Item
369 1358 525 1390 Martinus
547 1359 588 1391 de
613 1358 748 1390 Croacia
771 1361 908 1390 testatus
931 1361 981 1390 est
1004 1368 1122 1399 equum
1146 1358 1224 1388 satis
1247 1357 1378 1389 bonum.

261 1410 346 1441 Item
375 1420 460 1452 mag.
482 1410 643 1442 Iohannes
666 1410 897 1442 Polczmacher
927 1409 1106 1441 ordinarius
1134 1409 1220 1441 circa
1251 1409 1450 1441 eleccionem
1480 1409 1510 1441 di
1532 1410 1663 1442 Martini
1692 1410 1819 1442 abbatis

159 1462 258 1504 gratis
281 1461 373 1493 nobis
396 1463 497 1494 astitit
521 1465 554 1494 et
577 1462 717 1494 director
740 1461 809 1503 fuit,
833 1461 920 1504 quod
944 1461 1025 1493 alius
1047 1461 1158 1492 iurista
1180 1461 1235 1492 vix
1258 1471 1315 1503 pro
1343 1463 1381 1493 10
1405 1458 1543 1493 florenis
1557 1461 1696 1494 fecisset.

115 1522 140 1543 2⁵
263 1513 347 1545 Item
371 1513 521 1546 Urbanus
543 1513 666 1545 Pulner
690 1514 745 1545 cfr.
763 1513 898 1546 contulit
919 1513 1013 1545 nobis
1036 1513 1176 1544 butirum
1200 1516 1233 1544 et
1256 1523 1368 1544 caseos
1392 1514 1424 1544 in
1448 1514 1557 1545 valore
1582 1515 1600 1545 2
1614 1518 1644 1544 a.

263 1565 347 1597 Item
369 1565 516 1597 Barbara
539 1576 599 1597 sor.
617 1576 656 1606 n.‚
679 1576 734 1597 ux.
752 1565 875 1607 Oaspar
894 1564 1029 1606 Scharff,
1054 1564 1144 1596 dedit
1166 1564 1258 1596 nobis
1281 1575 1379 1596 unam
1403 1575 1549 1597 mensam
1571 1565 1667 1597 valde
1690 1565 1819 1607 bonam,

158 1617 238 1649 item
266 1620 338 1649 octo
365 1617 524 1649 coclearia
551 1628 622 1649 cum
651 1611 761 1649 caudis
789 1617 1007 1659 deargentatis
1035 1620 1068 1649 et
1094 1627 1193 1648 unum
1220 1617 1468 1658 manutergium.
1521 1616 1639 1649 Omnia
1668 1620 1820 1649 taxantur

159 1679 260 1710 penes
283 1672 302 1700 5
325 1669 473 1700 florenos.
519 1669 603 1701 Item
626 1680 722 1701 unam
746 1679 874 1701 crucem
897 1671 1098 1710 argenteam.

262 1720 346 1752 Item
369 1720 513 1752 Barbara
535 1721 680 1753 Ieckelin
705 1732 766 1752 sor.
784 1721 874 1752 dedit
900 1723 912 1752 1
930 1725 960 1751 u.
978 1724 999 1757 ο)

116 1784 142 1804 ω
262 1772 345 1804 Item
363 1772 529 1804 Oonradus
545 1772 790 1804 Muttenhauser
813 1783 885 1804 cum
909 1772 951 1804 fr‘⁵
967 1772 1058 1804 dedit
1080 1772 1185 1814 pisces
1208 1771 1250 1804 ad
1273 1773 1334 1803 tria
1357 1771 1492 1813 prandia
1509 1774 1542 1803 et
1557 1773 1686 1804 coclear
1702 1782 1818 1814 argen-

159 1826 248 1856 teum
273 1827 306 1855 et
328 1824 450 1866 aliquid
473 1825 559 1856 misit
582 1824 750 1856 reformari
773 1825 806 1855 in
828 1824 990 1855 thuribulo
1013 1826 1178 1866 argenteo.

263 1875 347 1907 Item
363 1875 544 1917 Stephanus
560 1876 653 1918 Lang
676 1875 717 1907 de
733 1876 864 1907 Brunna
887 1886 959 1908 cum
982 1876 1094 1907 amicis
1116 1875 1207 1907 dedit
1229 1886 1288 1917 per
1310 1875 1418 1917 plures
1441 1886 1541 1907 annos
1561 1876 1680 1907 multos
1696 1886 1819 1917 pannos

160 1938 218 1969 pro
243 1928 366 1959 tunicis.

262 1979 347 2010 Item
370 1978 518 2010 Elizabet
539 1979 687 2011 Winerin
715 1990 769 2010 ux.
791 1979 943 2011 Iohannis
973 1978 1085 2010 famuli
1116 1978 1274 2010 cellerarii
1304 1979 1487 2020 propinavit
1515 1979 1681 2020 piscesin
1708 1979 1818 2010 valore

116 2042 141 2061 aa
161 2032 252 2073 quasi
276 2032 294 2062 3
309 2032 341 2072 β.
1435 2027 1437 2029 ’

263 2082 347 2114 Item
362 2082 516 2114 Erasmus
531 2082 746 2114 Hartkircher
769 2082 858 2114 dedit
880 2082 973 2113 nobis
995 2092 1093 2114 unum
1109 2081 1269 2113 banckale
1286 2082 1418 2123 longum
1439 2084 1472 2113 et
1487 2081 1607 2113 bonum
1624 2084 1658 2113 et
1673 2084 1819 2124 tapetum

160 2137 236 2166 ante
259 2133 361 2165 altare
385 2134 498 2165 maius.

262 2186 346 2218 Item
361 2186 456 2218 Anna
471 2185 718 2217 Hoffkircherin
742 2184 832 2217 dedit
855 2187 895 2217 48
911 2190 941 2216 a.
955 2191 979 2222 ἢ.
999 2185 1122 2227 absque
1146 2184 1339 2227 quattuor‘),
1363 2185 1421 2216 sed
1444 2188 1480 2216 ut
1503 2195 1561 2226 pro
1585 2195 1635 2226 ea,
1659 2185 1726 2217 viro
1751 2186 1819 2217 eius

158 2248 284 2270 necnon
307 2248 368 2279 pro
397 2237 559 2277 omnibus,
591 2236 631 2269 de
659 2236 775 2279 quibus
801 2237 857 2269 illa
880 2238 1017 2279 pecunia
1039 2237 1141 2277 venit,
1174 2247 1313 2277 oremus,
1342 2236 1404 2268 hoc
1427 2240 1536 2269 tamen
1559 2236 1702 2278 adiecto,
1732 2237 1819 2279 quod

115 2300 142 2319 (ο
160 2290 187 2320 si
217 2289 395 2331 contigeret
423 2299 495 2320 eam
523 2289 633 2320 venire
661 2289 703 2320 ad
730 2289 830 2320 talem
857 2292 1099 2331 paupertatem,
1129 2288 1214 2330 quod
1242 2288 1365 2330 aliquid
1393 2288 1433 2320 de
1461 2288 1607 2330 predicta
1634 2290 1772 2331 pecunia
1799 2300 1819 2320 a

159 2340 252 2373 nobis
280 2340 494 2382 desideraret,
525 2340 612 2383 quod
643 2340 673 2372 ei
702 2340 805 2372 libere
836 2343 869 2372 et
898 2342 966 2373 sine
993 2341 1247 2373 contradictione
1275 2340 1411 2372 velimus
1439 2340 1479 2372 de
1509 2340 1655 2382 predicta
1683 2341 1820 2382 pecunia

159 2392 338 2424 subvenire.

261 2444 347 2475 Item
369 2443 464 2475 Anna
486 2444 678 2475 Puesmerin
702 2443 793 2476 dedit
814 2443 914 2475 111011ἱο
938 2447 956 2476 7
970 2449 1000 2475 a.
1017 2448 1039 2482 ὰ

261 2495 346 2527 Item
368 2495 522 2527 Nicolaus
544 2495 670 2538 Purger
679 2495 707 2537 8)
731 2495 894 2527 edificavit
916 2496 1093 2528 scolaribus
1115 2495 1221 2527 locum
1245 2495 1405 2527 cantandi.

115 2615 141 2635 45
264 2607 287 2640 ¹)
307 2607 434 2633 Iteratur:
453 2608 487 2633 ad
505 2609 680 2634 refeccionem.
782 2606 807 2641 b)
826 2607 888 2632 Dies
907 2607 945 2633 ob.
958 2608 1129 2633 desideratur.
1229 2607 1252 2639 ⁰)
1272 2607 1324 2632 Hic
1337 2607 1470 2632 Martinus
1489 2607 1544 2632 abb.
1560 2605 1694 2632 Scotorum
1714 2591 1817 2639 ipsemet

160 2650 270 2676 ccv-ibere
288 2651 375 2683 coepit.
479 2649 504 2682 d)
525 2650 587 2676 eod.
692 2649 716 2684 ⁹)
734 2650 759 2684 o).
777 2651 899 2683 supplevi.
1004 2649 1023 2683 f)
1044 2650 1151 2683 suppa:
1168 2651 1289 2676 denariis.

264 2727 285 2761 ¹)
306 2726 378 2760 Maq.
392 2726 551 2753 fridericus
566 2726 715 2753 Althaimer
732 2726 787 2753 iam
804 2729 867 2753 ante
883 2735 909 2753 a.
923 2731 992 2753 1444
1009 2726 1154 2759 defunctus
1172 2729 1218 2760 est,
1235 2735 1300 2752 nam
1318 2734 1347 2753 eo
1364 2734 1440 2752 anno
1453 2725 1589 2753 Iohannes
1607 2725 1664 2753 abb.
1679 2725 1816 2752 Scotorum

158 2769 215 2796 eius
235 2769 369 2797 decessum
392 2777 425 2796 ac
447 2770 550 2796 annius-¹
567 2769 758 2802 fundationem
775 2772 888 2796 testatus
909 2773 955 2797 est.
1062 2771 1083 2803 ²)
1102 2770 1327 2797 Bartholomaeus
1344 2770 1484 2803 Anylicus.
1592 2769 1614 2803 ⁸)
1635 2768 1688 2795 Oiv.
1711 2768 1815 2795 Wienn.

159 2812 244 2839 annis
262 2815 432 2840 1428—1467
448 2812 596 2846 diplomata
613 2813 723 2847 saepius
739 2812 873 2847 sigillavit.

1555 2863 1609 2889 40*
