2150 3178
565 744 1023 806 MONUMEN
1026 744 1141 804 TA
1177 743 1790 805 NECROLOGICA

673 840 1220 901 MONASTERII
1258 840 1317 900 S.
1345 839 1689 901 CRUCIS.

453 980 617 1027 Coenobii
632 991 668 1026 S.
688 992 803 1025 Crucis
817 1002 839 1024 a
853 990 1010 1032 Leopoldo
1025 990 1095 1024 ΠΙ.
1111 990 1266 1024 Austriae
1288 991 1479 1031 marchione,
1501 994 1612 1025 sancto
1634 991 1860 1034 cognominato,
1882 1001 1914 1024 a.
1931 990 2016 1024 1135

338 1045 491 1088 fundati,
525 1044 611 1086 quod
641 1043 780 1077 aliorum
809 1043 966 1076 Austriae
993 1042 1160 1083 inferioris
1187 1044 1453 1076 monasteriorum
1480 1044 1605 1077 ordinis
1637 1043 1856 1078 Oisterciensis
1883 1045 2017 1076 nnatrem

344 1097 479 1130 evasisse
504 1106 594 1129 nemo
621 1096 736 1136 nescit,
766 1095 861 1128 varia
881 1094 933 1128 his
955 1097 1083 1128 exstant
1104 1095 1297 1137 temporibus
1318 1098 1523 1129 monumenta
1543 1095 1753 1139 mcroloyica,
1783 1095 1822 1128 de
1842 1095 1959 1137 quibus
1979 1094 2017 1128 in

342 1149 461 1183 ‘Neues
484 1148 619 1182 Archiv'
640 1147 790 1187 XXXV,
806 1158 845 1189 p.
861 1148 1005 1188 742sqq.
1029 1147 1140 1187 fusius
1160 1147 1334 1189 disputavi.

450 1203 479 1234 1.
508 1200 690 1243 Necroloyii
711 1200 931 1242 antiquissimi
957 1199 1032 1232 inde
1059 1209 1081 1232 a
1102 1199 1290 1233 monasterii
1311 1199 1433 1241 origine
1454 1199 1551 1233 scribi
1572 1199 1715 1237 inchoati
1735 1209 1775 1232 ac
1796 1209 1898 1242 usque
1919 1199 1964 1232 ad
1983 1209 2015 1233 a.

343 1254 474 1286 circiter
497 1254 583 1286 1260
612 1253 741 1286 deducti
769 1254 923 1294 quattuor
953 1253 1080 1284 tantum
1107 1251 1241 1285 maioris
1269 1252 1391 1292 [omae
1419 1250 1504 1294 folia
1525 1251 1765 1285 mevnbranacea
1791 1262 1830 1285 ex
1853 1254 1952 1293 parte
1980 1251 2018 1285 in

343 1307 487 1348 maryine
509 1306 685 1347 super-ime,
714 1315 754 1337 ex
769 1307 868 1346 parte
889 1304 926 1337 in
947 1304 1092 1346 margine
1112 1303 1268 1347 inferiore
1289 1306 1409 1337 resecta
1430 1306 1617 1345 supersunt,
1645 1314 1728 1345 quae
1749 1303 1911 1338 codicibus
1933 1302 2018 1336 1508

345 1362 374 1392 et
395 1359 483 1391 2340
506 1358 708 1391 bibliothecae
729 1366 897 1389 caesareae
920 1356 1124 1390 Vindobonae
1145 1356 1422 1403 continenturhex
1442 1356 1558 1397 quibus
1579 1356 1706 1397 quidem
1727 1357 1790 1390 duo
1811 1356 1895 1397 folia
1916 1356 2019 1390 codici

346 1412 433 1443 1508
443 1411 597 1452 praefioea
612 1412 698 1449 sunt,
713 1409 814 1442 codici
827 1411 935 1442 autem
944 1409 1038 1441 2340
1054 1408 1120 1442 duo
1130 1407 1218 1451 folia
1233 1407 1370 1450 sinyulis
1384 1408 1421 1441 in
1435 1409 1622 1450 tegumentis
1635 1408 1762 1450 dliyata
1775 1419 1864 1442 nunc
1877 1408 2018 1442 resoluta

344 1466 430 1496 sunt.
480 1462 585 1497 Cuius
605 1461 784 1503 necroloqii,
806 1461 892 1503 quod
905 1462 949 1494 37
970 1460 1060 1501 foliis
1081 1460 1155 1494 olim
1177 1459 1356 1503 confectum
1371 1470 1437 1493 esse
1451 1459 1576 1493 videtur
1589 1460 1733 1502 quodque
1748 1461 1776 1494 b.
1788 1471 1830 1494 m.
1842 1460 2019 1494 Heinricus

345 1525 437 1556 eques
459 1526 480 1547 a
503 1515 654 1556 Zeifibery
676 1513 894 1556 (Zeitschn‘ft
915 1513 973 1552 fiir
995 1513 1047 1545 die
1068 1511 1346 1545 osterreichischcn
1369 1511 1580 1554 Gymnasien'
1596 1511 1769 1552 XXVIII,
1790 1512 1914 1553 1—11)
1934 1512 2020 1546 notis

346 1568 511 1600 adiunctis
520 1566 677 1608 plurimis
687 1567 810 1599 criticis
818 1566 965 1607 primum
975 1564 1126 1607 vulyavit,
1140 1567 1234 1597 notae
1248 1564 1333 1597 binis
1346 1564 1384 1597 in
1391 1564 1526 1606 paginis
1536 1563 1672 1597 obversis
1681 1566 1836 1605 quattuor
1846 1564 2019 1605 dispositae

346 1622 422 1652 sunt
445 1618 608 1658 columnis,
631 1619 668 1650 in
689 1618 806 1659 quibus
827 1617 984 1656 monachi,
1006 1617 1128 1656 novitii,
1147 1616 1282 1660 fratres,
1303 1616 1486 1660 familiares
1507 1616 1584 1650 locis
1605 1615 1739 1649 disclusi
1760 1616 1910 1657 inseripti
1931 1619 2018 1650 sumt.

450 1671 482 1703 2.
505 1671 653 1703 Alterius
674 1670 845 1712 necroloyii
866 1669 1051 1703 recentioris
1073 1669 1177 1702 codice
1197 1669 1385 1702 monasterii
1402 1668 1435 1702 S.
1455 1668 1576 1708 Oruois,
1599 1679 1661 1710 quo
1683 1668 1832 1702 monachi
1852 1668 1898 1701 ibi
1918 1677 2020 1710 usque

347 1735 435 1757 nunc
450 1724 486 1756 in
499 1723 590 1756 choro
605 1726 755 1763 utuntur,
771 1722 938 1755 chartaceo
952 1722 1092 1755 contenti
1105 1722 1244 1754 recensio
1253 1732 1337 1754 nova
1344 1724 1515 1763 praeterea
1526 1723 1639 1761 exstat,
1654 1731 1752 1763 quam
1763 1731 1794 1754 a.
1803 1721 2020 1754 1626—1638

347 1776 387 1809 P.
404 1776 554 1808 Mathias
582 1785 683 1808 comes
708 1786 730 1807 a
757 1774 879 1817 Palffy,
909 1774 1070 1816 quondam
1099 1774 1285 1806 monasterii
1311 1774 1451 1807 eiusdem
1471 1774 1580 1816 prior,
1608 1773 1787 1806 instituisse
1814 1773 1933 1813 fertur,
1962 1773 2021 1815 qui

347 1828 486 1869 quodam
509 1838 549 1860 ez
570 1827 744 1869 necrobyio
766 1827 858 1860 hodie
879 1827 997 1859 amisso
1019 1837 1042 1858 a
1062 1825 1236 1868 necroloyio
1257 1826 1481 1868 antiquissimo
1503 1825 1563 1869 (cf.
1579 1827 1615 1868 1)
1644 1825 1843 1867 discrepante
1871 1825 2020 1866 ternporis

341 1880 564 1922 praecedentis
590 1882 698 1917 notas,
726 1878 888 1912 erroribus
914 1878 1004 1911 haud
1018 1878 1140 1920 paucis
1160 1888 1226 1911 non
1246 1878 1371 1918 vitatis,
1402 1877 1548 1911 hausisse
1569 1877 1744 1910 censendus
1766 1879 1822 1910 est.
1866 1877 2021 1910 Attamen

347 1933 505 1965 incertum
531 1943 597 1964 esse
623 1932 758 1970 videtur,
787 1934 899 1963 utrum
926 1931 1011 1963 inter
1036 1930 1248 1972 necroloyium
1273 1930 1536 1971 antiauissimum
1558 1939 1597 1963 ac
1617 1929 1828 1962 recensionem
1850 1929 1934 1962 hanc
1955 1928 2020 1962 duo

346 1984 525 2026 necroloqia
551 1984 752 2024 insequentia
781 1994 827 2016 an
852 1993 955 2016 unum
982 1985 1110 2015 tantum
1131 1982 1310 2022 extiterint,
1339 1993 1422 2024 quae
1442 1992 1530 2015 nunc
1552 1982 1721 2023 deperiisse
1738 1983 1911 2022 putantur.
1955 1980 2022 2015 Sed

346 2037 523 2078 necrologio
545 2035 771 2076 antiauissimo
792 2035 908 2068 abolito
930 2045 961 2068 a.
978 2035 1106 2067 circiter
1129 2034 1216 2067 1260
1237 2044 1337 2076 usque
1358 2034 1404 2067 ad
1424 2045 1456 2068 a.
1474 2035 1561 2068 1626
1582 2034 1647 2066 duo
1668 2033 1848 2075 necroloyia
1869 2033 2020 2066 instituta

347 2099 412 2121 esse
434 2089 561 2120 diversa
582 2088 650 2120 veri
671 2087 812 2120 similius
833 2098 898 2120 esse
919 2087 1001 2119 mihi
1022 2086 1157 2119 videtur.
1205 2086 1310 2128 Quam
1324 2086 1534 2119 recensionem
1542 2086 1686 2127 priorem
1700 2095 1723 2118 a
1737 2085 1805 2118 viro
1821 2085 1896 2118 bene
1909 2085 2020 2118 merito

349 2140 483 2182 Georyio
495 2141 587 2172 Lana
601 2139 751 2181 (Archiv
761 2139 821 2182 fiir
831 2139 952 2172 Kunde
966 2138 1237 2172 osterreichischer
1250 2136 1445 2171 Geschichte'
1454 2137 1656 2177 LXXXIX,
1666 2137 1856 2179 245-354)
1868 2137 2020 2178 primm,

347 2193 432 2225 notis
458 2192 580 2224 criticis
599 2191 790 2232 plerumque
811 2191 981 2232 appositis,
1010 2191 1130 2223 editam
1145 2193 1261 2231 postea
1282 2190 1342 2223 alii
1363 2191 1532 2231 scriptores
1553 2190 1639 2223 notis
1659 2189 1824 2222 nonnanis
1845 2191 2018 2222 auxerunt.

349 2245 464 2278 Altera
486 2245 624 2277 recensio
643 2255 726 2277 nova
739 2244 896 2285 posterior
910 2243 1014 2276 codice
1028 2243 1072 2274 29
1087 2243 1188 2276 colore
1202 2243 1298 2276 rubro
1315 2243 1440 2284 siynato
1453 2242 1700 2284 necroloyiorum
1713 2242 1874 2275 maximae
1887 2240 2019 2280 formae,

346 2308 427 2330 saec.
446 2296 583 2329 XVIII.
608 2298 739 2329 ineunte
765 2306 865 2328 manu
890 2296 1023 2337 scripto,
1051 2295 1087 2327 in
1113 2294 1297 2328 bibliotheca
1322 2294 1528 2327 Gottwicensi
1552 2295 1688 2335 reposito
1715 2294 1906 2332 continetur,
1936 2303 2019 2334 quae

344 2352 440 2382 notas
467 2359 549 2381 nova
575 2359 614 2380 ex
640 2348 820 2380 recensione
842 2350 970 2379 tantum
991 2346 1120 2380 selectas
1142 2347 1310 2379 memoriae
1332 2346 1484 2386 tradidit,
1513 2356 1623 2388 quam,
1653 2357 1726 2378 cum
1746 2345 1870 2378 maius
1891 2345 2018 2378 omnino

347 2402 390 2433 sit
413 2402 569 2440 momenti,
592 2400 645 2432 hic
667 2401 784 2433 omitto.

452 2455 482 2485 3.
506 2453 542 2485 E
548 2453 771 2493 pitantiarum
786 2454 815 2484 et
829 2452 1127 2484 anniversariorum
1142 2451 1328 2483 monasterii
1342 2450 1375 2483 S.
1396 2449 1511 2483 Orucis
1533 2450 1621 2489 libro,
1644 2450 1702 2491 qui
1715 2459 1773 2482 ceu
1790 2448 2019 2481 Gakndarium

349 2506 382 2538 S.
404 2505 518 2538 Orucis
541 2504 787 2537 consohtorium
808 2514 830 2536 a
853 2503 891 2536 P.
914 2503 1048 2544 Georqio
1071 2502 1190 2541 Strobl,
1220 2503 1360 2535 eiusdem
1381 2503 1567 2535 monasterii
1587 2501 1739 2534 monacho
1761 2501 1876 2541 optime
1897 2501 2018 2539 merito,

347 2568 379 2588 a.
396 2557 521 2589 circiter
541 2557 627 2588 1688
649 2557 686 2588 in
708 2556 778 2588 eius
800 2565 899 2596 opere,
926 2555 1012 2596 quod
1036 2554 1264 2588 Castrosolium
1286 2554 1319 2587 S.
1339 2554 1454 2587 Crucis
1475 2553 1714 2595 cenotaphicum
1734 2552 1930 2591 inscribitur,
1958 2553 2019 2585 etsi

348 2609 509 2641 erroribus
537 2608 730 2649 quibusdam
756 2618 821 2640 non
850 2607 1037 2646 emendatis,
1067 2606 1252 2647 appendicis
1280 2605 1344 2639 loco
1372 2606 1514 2638 insertus
1540 2608 1633 2646 atque
1659 2615 1682 2637 a
1710 2604 1778 2637 viro
1807 2604 1882 2636 bene
1907 2604 2018 2637 merito

351 2661 486 2702 Georyio
508 2660 601 2692 Lanz
622 2660 792 2701 CStudien
813 2659 883 2691 und
904 2658 1132 2699 Mitteilunyen
1154 2669 1215 2690 aus
1237 2658 1306 2690 dem
1327 2658 1572 2690 Benediktiner-
1593 2656 1663 2689 und
1688 2655 2018 2689 &istercienserorden’

347 2712 445 2750 XIX,
467 2713 651 2750 390-394,
675 2712 862 2753 562-569)
879 2712 1023 2753 primum
1045 2711 1082 2743 in
1105 2710 1204 2743 lucem
1226 2710 1332 2742 editus
1354 2712 1407 2749 est,
1430 2709 1486 2742 hoc
1506 2719 1629 2750 quoque
1643 2707 1708 2741 loco
1722 2707 2017 2740 anniversariorum

348 2763 539 2804 cataloyam,
568 2774 659 2804 quem
686 2763 786 2795 libello
813 2763 951 2804 quodam
971 2763 1084 2803 priore
1105 2762 1228 2795 subniti
1249 2764 1330 2794 certe
1352 2762 1478 2802 opinor,
1500 2760 1719 2801 pitantiarum
1741 2759 1882 2800 cataloyo
1904 2759 2017 2792 omisso

348 2816 464 2847 iterum
488 2816 524 2847 in
547 2815 647 2847 lucem
670 2815 766 2848 edidi.
