2150 3178
524 783 1097 844 MONUMENTA
1140 782 1772 844 NECROLOGICA

958 879 1341 939 PATRUM

447 974 1217 1034 PRAEDICATORUM
1261 974 1842 1034 RETZENSIUM.

419 1119 474 1166 P
470 1135 579 1165 atrum
610 1131 875 1165 Praedicatorum
908 1143 933 1165 s.
957 1132 1123 1166 Dominici
1154 1133 1295 1174 requiam
1320 1132 1539 1175 professorum
1570 1135 1738 1166 conventus
1767 1132 1932 1166 Reteensis
1960 1142 1984 1166 a

315 1184 489 1217 Bertholdo
516 1184 626 1217 comite
651 1195 673 1216 a
697 1184 859 1226 Hardegm,
889 1184 1077 1226 buryqravio
1098 1185 1378 1226 Maqdeburqensi,
1406 1185 1536 1226 eiusque
1557 1194 1657 1218 uxore
1676 1184 1828 1226 Wilbirye
1848 1194 1880 1217 a.
1897 1185 1984 1217 1300

313 1237 453 1279 fundati
475 1239 570 1277 atque
592 1237 694 1269 dotati
716 1239 920 1269 monumenta
942 1247 982 1269 ex
999 1240 1096 1278 parte
1117 1239 1244 1270 tantum
1267 1237 1374 1269 adhue
1395 1239 1523 1270 exstant
1543 1236 1747 1278 necroloqica.

422 1298 452 1329 1.
478 1297 622 1330 Annales
635 1297 819 1338 necroloqici
841 1308 873 1329 a.
889 1298 1016 1330 circiter
1031 1299 1117 1330 1513
1138 1298 1237 1330 scribi
1255 1297 1398 1330 inchoati
1411 1308 1451 1330 ac
1464 1308 1487 1330 a
1501 1298 1602 1330 variis
1616 1296 1822 1330 librariorum
1836 1296 1984 1330 manibus

316 1349 452 1382 ‘ulterius
479 1360 580 1390 usque
606 1350 651 1381 ad
678 1360 758 1382 saec.
777 1350 828 1382 19.
849 1350 978 1382 deducti
1005 1350 1042 1382 in
1068 1350 1208 1382 eiusdem
1237 1349 1373 1382 claustri
1399 1349 1581 1382 bibliotheca
1609 1349 1765 1382 asservati
1793 1348 1872 1382 libro
1899 1348 1984 1382 dicto

317 1401 432 1442 liqneo,
466 1401 591 1433 tabulas
617 1404 681 1434 tres
707 1402 935 1443 dimidiamque
961 1401 1146 1434 membrana
1173 1402 1320 1440 indutas,
1354 1402 1450 1434 tineis
1475 1402 1543 1434 iam
1569 1411 1725 1440 corrosas,
1759 1400 1982 1442 complectente,

318 1454 530 1486 continentur.
577 1453 672 1486 Notis
691 1454 871 1494 antiquiori
891 1464 930 1486 ex
946 1453 1055 1492 libello,
1078 1457 1116 1486 ut
1131 1454 1252 1496 opinor,
1274 1454 1466 1495 depromptis
1480 1454 1597 1494 capitis
1610 1453 1729 1486 mortui
1743 1453 1846 1494 imaqo
1859 1452 1985 1494 depicta

311 1506 465 1546 praefixa
487 1505 715 1547 relationesque
738 1506 777 1539 dc
799 1505 934 1538 claustri
954 1505 1118 1538 Reteensis
1138 1506 1338 1546 fundatione,
1357 1505 1596 1548 fundatoribus,
1620 1515 1727 1538 eorum
1749 1505 1853 1538 obitus
1874 1504 1986 1537 diebus

317 1559 353 1590 in
369 1558 481 1590 tabula
490 1559 602 1598 prima
612 1559 810 1599 praemissae
825 1561 911 1592 sunt.
953 1559 1037 1599 Quos
1051 1557 1185 1591 annales
1199 1559 1249 1591 vir
1263 1557 1473 1598 chrissimus,
1487 1557 1592 1590 doctor
1607 1557 1817 1590 Sebastianus
1828 1556 1985 1590 ermer

318 1611 336 1651 (
338 1609 418 1642 ‘Der
441 1610 728 1651 Prediqer-Orden
751 1611 787 1642 in
811 1610 903 1643 Wien
925 1611 995 1643 und
1019 1610 1222 1643 Oesterreieh'
1240 1621 1273 1651 p.
1291 1611 1335 1642 42
1345 1612 1427 1651 sqq.)
1442 1610 1585 1650 primus,
1615 1610 1674 1642 etsi
1695 1610 1804 1642 minus
1825 1611 1984 1648 accurate,

317 1663 354 1694 in
377 1662 474 1694 lucem
498 1663 606 1694 edidit.
1242 1680 1247 1685 x

422 1723 453 1755 2.
481 1723 659 1756 Conventus
668 1726 803 1764 patrum
820 1722 1084 1756 Praedicatorum
1100 1723 1264 1756 Reteerwis
1278 1722 1455 1764 necroloqi‘i,
1477 1723 1563 1764 quod
1576 1723 1627 1754 vir
1641 1722 1790 1755 memoria
1805 1722 1985 1763 meritisque

318 1775 507 1808 venerabilis
530 1775 738 1808 Raimundus
760 1775 910 1808 Duellius
932 1775 1226 1816 (Miscellaneorum
1248 1775 1326 1808 liber
1347 1775 1400 1814 II,
1418 1786 1454 1816 p.
1473 1776 1536 1807 170
1547 1776 1629 1816 sqq.)
1652 1774 1797 1815 primum
1824 1773 1985 1815 quondam

318 1827 457 1869 vulqavit
479 1828 622 1868 quodque
642 1830 770 1868 praeter
791 1828 1004 1866 fundatorum
1027 1828 1130 1860 obitus
1150 1828 1218 1860 dies
1239 1828 1464 1860 anniversaria
1482 1837 1605 1868 quoque
1626 1827 1663 1859 in
1677 1829 1830 1859 conventu
1844 1825 1984 1866 fundata

319 1884 484 1919 memorat,
515 1880 648 1912 codicem
677 1890 777 1912 manu
803 1881 959 1920 scriptum
988 1880 1077 1912 haud
1101 1880 1238 1920 reperire
1260 1880 1366 1920 potui,
1395 1890 1495 1920 quare
1522 1890 1593 1911 eum
1619 1879 1751 1919 periisse
1775 1888 1889 1911 censeo.
1940 1877 1986 1910 Ec

320 1932 454 1964 annales
476 1934 505 1963 et
526 1932 734 1972 necroloqium
757 1932 872 1964 litteris
893 1933 1028 1964 minutis
1050 1932 1234 1964 excudenda
1255 1932 1377 1966 curavi.
1430 1931 1508 1964 Vide
1530 1941 1611 1972 quae
1638 1931 1676 1963 dc
1702 1930 1753 1962 his
1774 1930 1986 1962 monumentis

319 1985 452 2024 exposui
472 1983 591 2016 ‘Neues
614 1983 745 2016 Archiv*
769 1984 913 2023 XXXV,
931 1985 995 2016 732
1005 1995 1070 2025 sqq.

426 2036 464 2068 P.
482 2037 646 2068 Antonino
669 2036 779 2074 Patee,
809 2037 949 2068 ciusdem
976 2039 1145 2068 conventus
1160 2036 1270 2076 priori
1290 2036 1405 2076 optime
1427 2035 1551 2074 merito,
1578 2035 1662 2076 quod
1683 2034 1856 2067 annalibus
1876 2043 1983 2066 necro-

322 2088 430 2129 loqicis
452 2089 488 2120 in
510 2088 650 2120 claustro
672 2089 784 2120 utendi
806 2088 966 2120 licentiam
985 2088 1064 2121 mihi
1079 2087 1209 2120 libenter
1223 2088 1417 2127 concesserit,
1439 2088 1491 2120 hic
1507 2098 1628 2128 quoque
1640 2087 1766 2128 qratias
1780 2097 1839 2128 aqo
1853 2086 1983 2119 debitas.

735 2242 1051 2289 ANNALES
1087 2242 1572 2290 NECROLOGICI

439 2315 729 2362 PATRUM
763 2315 1366 2363 PRAEDICATORUM
1400 2314 1871 2362 RETZENSIUM.

426 2426 480 2452 Pro
504 2425 630 2451 vivorum
654 2424 788 2452 solamine
811 2427 840 2452 et
862 2427 1033 2452 mortuorum
1057 2425 1198 2452 iuvamine
1221 2433 1377 2460 appensum
1401 2427 1444 2452 est
1466 2425 1520 2452 hoc
1543 2424 1707 2459 opusculum
1725 2423 1790 2450 a.d.
1805 2423 1872 2450 1513
1889 2423 1919 2450 in
1937 2423 1984 2451 die

323 2479 344 2496 s,
358 2469 490 2496 Iohannis
510 2468 648 2502 Baptiste,
668 2469 839 2502 precursoris
857 2468 1007 2496 salvatoris
1025 2469 1086 2502 ni.·)

427 2512 534 2539 Notum
561 2511 599 2538 sit
626 2511 764 2538 universis
791 2514 820 2538 et
842 2512 962 2546 singulis
985 2512 1038 2539 hoc
1061 2520 1174 2547 presens
1196 2511 1407 2546 infrascriptum
1432 2510 1602 2546 legentibus,
1631 2509 1706 2544 quod
1729 2517 1807 2536 sacer
1829 2509 1896 2536 ordo
1919 2509 1983 2537 Pre-
2015 2518 2028 2538 ⁵

324 2556 480 2583 dicatorum
499 2554 647 2581 institutus
665 2556 708 2581 est
727 2562 744 2581 a
760 2560 787 2580 3⁰
800 2555 963 2589 patriarcha
979 2555 1131 2587 Dominico,
1150 2561 1184 2590 pe
1197 2557 1226 2582 et
1237 2555 1388 2582 fundatore
1401 2554 1499 2589 primo,
1518 2553 1547 2580 in
1561 2553 1690 2588 partibus
1703 2552 1868 2579 Tholosanis
1886 2554 1916 2580 et
1934 2561 1985 2587 per

324 2608 461 2626 summum
479 2598 641 2633 pontificem
659 2598 812 2625 Honorium
830 2598 948 2626 tercium
968 2608 993 2626 a.
1009 2600 1076 2626 1216
1094 2599 1171 2633 apud
1188 2599 1245 2625 Sum
1259 2599 1372 2626 Petrum
1390 2597 1420 2625 in
1439 2598 1535 2624 Roma.
1572 2597 1623 2624 Ob.
1635 2597 1731 2623 autem
1748 2605 1769 2622 8.
1782 2604 1811 2631 p.
1823 2595 1984 2623 Dominicus

325 2652 349 2669 a.
363 2642 389 2670 d.
404 2642 482 2674 1221,
507 2645 608 2668 octavo
632 2641 694 2668 idus
713 2641 834 2676 Augusti
857 2642 886 2668 in
905 2642 1042 2674 Bononia,
1069 2642 1248 2669 canonisatus
1267 2650 1317 2676 per
1335 2640 1500 2676 Gregorium
1518 2648 1622 2667 nonum
1639 2648 1664 2666 a.
1677 2639 1703 2666 d.
1718 2639 1785 2666 1234
1802 2640 1903 2666 octavo
1921 2638 1984 2666 idus

325 2685 399 2712 Iulii.
441 2684 537 2712 Crevit
555 2686 651 2711 autem
669 2693 748 2711 sacer
766 2685 832 2711 ordo
851 2686 881 2712 et
898 2685 968 2712 miro
987 2685 1069 2712 modo
1088 2685 1225 2712 dilatatus
1243 2687 1286 2712 est
1304 2684 1355 2711 sub
1374 2684 1433 2711 eius
1453 2683 1513 2710 vita
1530 2685 1560 2710 et
1577 2683 1642 2717 post
1660 2682 1719 2710 eius
1736 2682 1848 2710 felicem
1865 2683 1984 2709 mortem

325 2729 407 2760 adeo,
433 2730 464 2754 ut
483 2727 573 2755 eciam
592 2727 621 2753 i.n
639 2727 693 2754 hac
712 2727 831 2754 civitate
849 2727 979 2755 Retzensi
999 2728 1197 2756 monasterium
1217 2727 1320 2755 ordinis
1339 2726 1550 2754 Predieatorum
1567 2726 1605 2753 nit
1623 2727 1812 2753 constructum
1831 2724 1861 2752 in
1879 2725 1984 2752 honore
2003 2732 2030 2752 ιο

430 2842 454 2875 ⁸)
474 2842 660 2868 Praecedentia
678 2843 763 2868 colore
781 2843 860 2868 rubro
878 2843 975 2876 scripta
993 2848 1058 2868 sunt.
