2150 3178
683 666 1290 726 MONUMENTA

296 761 921 822 NECROLOGICA
968 760 1673 842 AGGSBACENSIA.

267 899 451 945 Oartusiae
472 911 696 943 monachorum
718 921 742 942 s.
760 911 929 942 Brunonis
950 909 1090 951 reyulam
1105 910 1323 950 professorum
1342 911 1578 951 qusbacensis,
1601 911 1690 952 vulqo
1712 913 1813 954 Ayys-

159 963 237 995 bach
258 965 469 1003 nuncupatae,
493 963 586 994 cuius
607 963 751 1003 aedificio
767 962 954 994 eoestruendo
969 961 1098 994 nobilem
1115 962 1219 993 virum
1234 962 1462 995 Heidenxricum
1478 973 1499 994 a
1515 963 1666 995 Maissau
1682 974 1711 995 a.
1727 965 1813 996 1373

159 1014 294 1055 lapidem
309 1015 455 1055 posuisse
469 1014 615 1054 primum
637 1013 803 1046 verisimile
825 1016 871 1046 est
892 1024 1049 1054 quamque
1070 1024 1100 1045 a.
1115 1014 1200 1044 1380
1221 1013 1372 1053 fundavit
1387 1017 1481 1054 atque
1496 1014 1624 1053 dotavit,
1648 1016 1741 1047 varia
1762 1016 1814 1048 his

159 1068 285 1098 exstant
306 1066 495 1106 temporibus
516 1068 717 1097 monumenta
738 1065 945 1106 necroloyica‚
975 1075 1056 1105 quae
1079 1065 1220 1097 coenobio
1243 1066 1345 1098 eodem
1368 1076 1446 1098 saec.
1466 1067 1516 1097 18.
1534 1069 1665 1098 exeunte
1690 1067 1812 1100 sublato

158 1118 290 1150 diversis
316 1118 353 1150 in
381 1117 570 1150 bibliothecis
598 1128 684 1149 nunc
711 1118 849 1157 reposita
875 1117 1022 1148 videntur
1048 1128 1111 1148 esse
1139 1117 1303 1149 distracta.
1350 1117 1399 1150 De
1421 1117 1471 1149 his
1494 1118 1652 1157 copiosius
1674 1119 1812 1151 disserui

159 1170 265 1202 Neues
287 1169 407 1201 Archiv
428 1169 529 1201 XXX
536 1169 568 1208 V,
587 1171 659 1201 763.
1158 1169 1162 1172 ’

263 1222 291 1253 1.
326 1220 544 1262 Necroloyium
570 1221 785 1262 qusbacense
815 1221 930 1252 codicis
959 1221 1022 1252 871
1053 1231 1183 1252 numero
1214 1221 1308 1252 rubro
1338 1221 1468 1262 siynati,
1505 1222 1663 1253 maa-imae
1691 1222 1813 1262 formae

159 1273 329 1312 chartacei,
362 1273 397 1304 in
425 1273 561 1304 coenobii
587 1273 806 1304 Gottwicensis
832 1272 1014 1304 bibliotheca
1040 1273 1168 1313 repositi
1190 1272 1278 1312 foliis
1299 1272 1427 1304 23—25
1451 1274 1642 1312 continetur,
1668 1275 1754 1314 quod
1774 1285 1814 1306 esc

159 1324 331 1365 necrologio
346 1324 443 1356 multo
459 1324 638 1364 antiquiore
651 1335 715 1356 esse
730 1326 908 1364 excerptum
923 1326 1057 1365 apparet
1071 1324 1214 1364 quodque
1225 1327 1297 1363 post
1311 1325 1447 1356 medium
1463 1335 1542 1357 saec.
1559 1326 1609 1356 18.
1626 1335 1647 1356 a
1662 1326 1813 1358 monacho

158 1376 368 1417 qusbacensi
389 1387 513 1408 summa
535 1377 698 1408 industria
721 1376 948 1416 transcriptum
971 1387 1035 1407 esse
1055 1376 1180 1407 videtur
1202 1375 1329 1416 aliaque
1351 1377 1395 1408 ad
1415 1376 1580 1409 historiam
1596 1378 1813 1410 cartusiarum

159 1427 399 1469 qusbacensis,
431 1427 659 1466 Gemnicensis,
689 1427 952 1459 Mauerbacensis
978 1428 1154 1468 spectantia
1182 1427 1403 1468 complectitur.
1458 1429 1521 1469 Qui
1548 1429 1643 1461 codex
1669 1430 1813 1461 cartus-ia

160 1473 370 1520 qusbacensi·
391 1490 421 1511 a.
437 1480 522 1511 1782
543 1479 669 1511 sublata
695 1479 885 1511 Gottwicum
907 1479 1086 1511 translatus
1107 1482 1161 1510 est.

262 1534 292 1563 2.
323 1531 467 1563 Annales
493 1531 677 1572 necroloyici
698 1531 929 1572 Ayysbacenses
956 1541 977 1562 a
1004 1531 1140 1563 coenobii
1166 1531 1356 1571 fundatione
1385 1531 1524 1563 inchoati
1551 1532 1654 1564 codiee
1682 1533 1814 1564 minoris

158 1582 278 1622 formae
301 1583 472 1621 chartaceo,
490 1583 587 1623 prius
609 1584 645 1615 in
667 1583 857 1621 bibliotheca,
879 1593 965 1614 nunc
981 1583 1016 1614 in
1032 1582 1191 1615 tabulario
1205 1583 1390 1615 monasterii
1404 1583 1666 1615 Seitenstettensis
1680 1585 1814 1624 reposito

161 1635 370 1672 continentur,
394 1645 484 1675 quem
506 1635 593 1666 circa
615 1645 645 1666 a.
663 1635 748 1666 1660
771 1634 930 1666 Iohannes
951 1634 1095 1675 Prosper,
1118 1635 1292 1666 monachus
1318 1634 1542 1674 Gemnicensis,
1565 1636 1649 1667 notis
1671 1637 1815 1676 antiquis

159 1697 198 1718 ea·
213 1685 364 1727 cataloqis
378 1686 621 1727 necroloyiisque
635 1687 769 1725 haustis,
792 1689 829 1718 ut
843 1687 909 1726 ipse
927 1687 962 1718 in
971 1686 1131 1726 prooemio
1141 1687 1319 1727 profitetur,
1338 1697 1400 1727 pro
1417 1688 1575 1719 cartusiae
1587 1687 1815 1728 Ayysbacensis

159 1748 221 1769 usu
241 1738 455 1777 pertractavit.

266 1790 354 1830 Quae
375 1790 482 1821 omnia
504 1791 588 1831 typis
609 1790 811 1822 exscribenda
833 1790 944 1821 curavi
966 1790 1107 1821 minutis.

265 1841 494 1873 Tantummodo
516 1841 596 1873 mihi
617 1844 767 1881 superest,
790 1844 827 1873 ut
841 1841 1098 1874 reverendissimo
1113 1842 1238 1874 domino
1253 1841 1424 1874 Adalberto
1439 1841 1575 1882 Dunyel,
1598 1842 1705 1874 abbati
1724 1842 1813 1874 Gott-

158 1893 294 1930 wicensi,
317 1895 412 1933 atque
433 1892 472 1924 P.
487 1893 667 1934 Augustino
689 1892 851 1933 Plappert,
874 1892 1028 1925 tabularii
1049 1892 1312 1925 Seitenstettensis
1333 1894 1456 1925 custodi
1477 1893 1551 1925 bene
1573 1894 1707 1932 emerito,
1730 1894 1815 1934 quod

159 1943 210 1975 hic
232 1943 365 1976 codicem
388 1943 682 1983 Seitenstettensem‚
711 1944 763 1976 ille
788 1945 1027 1977 Gottwicensem
1042 1945 1266 1984 pertractandi
1289 1944 1449 1977 licentiam
1471 1945 1550 1976 mihi
1572 1945 1734 1983 concessit,
1763 1945 1814 1976 hic

161 2005 283 2036 quoque
302 1996 425 2036 qratias
446 2006 539 2036 aqam
561 1996 690 2028 debitas.

439 2154 469 2189 1.
503 2144 1000 2192 NEGROLOGIUM
1032 2145 1540 2193 AGGSBACENSE.

255 2236 458 2268 Fundatores
481 2239 514 2268 et
537 2236 761 2268 benefactores
784 2236 942 2269 cartusiae
964 2236 1085 2269 Portae
1108 2242 1151 2268 8¹⁰
1165 2237 1289 2270 Mariae
1311 2238 1342 2269 in
1368 2238 1544 2280 Aggspach
1567 2240 1713 2280 excerpti

211 2298 252 2320 ex
275 2287 460 2330 necrologio
484 2288 708 2330 Aggspacensi
731 2299 798 2330 seu,
824 2291 860 2320 ut
881 2289 943 2330 ipsi
965 2291 1092 2330 vocant,
1119 2289 1303 2321 calendario
1327 2289 1498 2321 anniv¹0¹¹¹m
1520 2293 1762 2332 perpetuorum.

846 2385 1123 2423 IANUARIUS.
1137 2419 1139 2421 ,

177 2455 202 2481 8.
279 2454 326 2481 VI.
339 2453 376 2481 id.
420 2453 530 2481 Ulrieus
549 2454 582 2481 de
601 2454 742 2482 Uteldorff
757 2463 819 2482 cum
838 2455 1019 2490 Margaretha
1037 2461 1088 2483 ux0
1106 2464 1164 2489 sua,
1183 2455 1375 2484 benefactores
1394 2456 1421 2483 h.
1434 2457 1460 2483 d.

159 2497 200 2524 27.
279 2496 327 2524 VI.
339 2496 396 2523 kal.
420 2496 555 2532 Georgius
574 2497 685 2532 Ooquus
702 2497 768 2525 fam.
781 2498 807 2524 h.
822 2498 855 2530 d.,
874 2507 892 2525 a
909 2507 965 2532 quo
982 2498 1118 2526 habemus
1136 2498 1232 2533 aliqua
1249 2499 1323 2526 bona
1340 2498 1504 2526 immobilia.

869 2596 1097 2633 MARTIUS.

175 2664 200 2690 5.
270 2664 320 2691 111.
333 2672 396 2691 non.
416 2665 454 2691 D·
472 2665 573 2692 Ursule,
591 2665 774 2700 Holzapfflin,
793 2665 967 2693 benefactrix
985 2667 1012 2693 h.
1026 2666 1052 2693 d.

176 2707 201 2734 8.
247 2706 321 2735 VIII.
334 2706 371 2734 id.
416 2707 504 2734 Illmu·
521 2708 547 2735 d.
562 2707 630 2735 Otto
648 2708 716 2735 baro
735 2708 769 2736 de
786 2708 924 2743 Meyssaw
944 2708 1019 2736 1440.

160 2750 201 2776 14.
286 2750 322 2777 ΙΙ.
335 2749 372 2778 id.
417 2750 533 2778 Ioannes
552 2750 604 2778 civ.
621 2750 651 2777 in
670 2751 813 2786 Newburg
830 2760 893 2779 cum
911 2751 1052 2779 Dorothea
1070 2751 1188 2787 coniuge
1210 2760 1259 2779 sua
1279 2753 1308 2779 et
1325 2753 1387 2779 tota
1405 2751 1550 2787 progenie,
1576 2760 1593 2779 a
1611 2752 1713 2786 quibus
1732 2752 1812 2780 nobis

468 2795 656 2828 provenerunt
673 2794 764 2821 multa.
782 2794 856 2821 bona
874 2794 991 2821 mobilia
1009 2796 1038 2822 et
1058 2794 1223 2822 immobilia.
