2150 3178
490 610 898 670 ANNALES
941 611 1549 670 NECROLOGICI

365 704 827 765 CANONIAE
871 705 970 763 IN
1015 705 1683 765 ROTHENMANN.

305 828 507 875 Ooenobium
533 842 754 873 canonicorum
777 851 802 872 s.
818 841 995 881 Auqustini
1017 841 1156 881 reyulam
1173 843 1390 881 professorum
1412 843 1448 874 in
1471 842 1693 875 Rothenmann
1714 844 1850 884 reyionis

197 895 324 936 Styriae
345 893 584 925 archiolioecesis
606 892 856 933 Salisburyensis
877 902 962 924 anno
986 893 1069 924 1455
1088 893 1267 934 fundatum
1290 896 1342 926 cst.

301 945 444 978 Annales
470 945 568 976 buius
594 944 747 976 canoniae
773 943 957 984 necroloyici
979 944 1082 976 codice
1104 945 1266 977 chartaceo
1289 946 1408 977 saeculi
1430 946 1505 978 XV.
1526 947 1670 979 exeuntis
1692 958 1730 979 ac
1751 947 1848 980 XVI.

196 998 339 1030 ineuntis
361 997 396 1028 in
419 996 600 1029 bibliotheca
621 996 805 1028 monasterii
830 996 1050 1028 Gottwicensis
1070 997 1128 1028 sub
1150 997 1335 1037 siqnatura:
1364 998 1428 1029 497
1449 998 1591 1039 (numeri
1611 999 1727 1040 rubri),
1751 999 1849 1032 alias:

198 1049 274 1081 XV.
286 1048 503 1086 Miscellanea,
526 1050 683 1079 asservato
699 1048 908 1088 continentur,
932 1047 968 1078 in
982 1058 1043 1087 quo
1060 1048 1268 1079 instrumenta
1284 1048 1442 1080 electionis
1450 1050 1706 1089 praepositorum
1721 1050 1849 1091 aliaque

197 1104 271 1132 acta
297 1101 340 1132 ad
366 1100 532 1132 historiam
558 1099 768 1131 canoniarum
795 1098 839 1130 ad
861 1099 894 1130 S.
911 1098 1103 1131 Dorothcam
1130 1102 1159 1131 et
1181 1100 1225 1131 ad
1247 1099 1470 1132 Rothenmann
1492 1102 1668 1140 spectantia
1691 1102 1849 1142 descripta

197 1154 282 1190 sunt,
305 1162 386 1192 quae
408 1151 514 1183 omnia
537 1151 722 1182 canonicum
745 1150 897 1182 canoniae
916 1150 959 1182 ad
975 1150 1008 1182 S.
1024 1150 1216 1182 Dorotheum
1231 1151 1404 1191 reyularcm
1420 1155 1577 1184 auctorem
1593 1153 1748 1185 indicant.
1787 1154 1852 1187 Sed

197 1204 276 1244 quia
302 1202 434 1235 annales
460 1203 589 1234 nomina
618 1202 842 1234 canonicorum
863 1201 1058 1242 regularium
1080 1202 1174 1234 iuxta
1191 1203 1400 1242 professionis
1422 1204 1531 1235 scriem
1555 1204 1713 1243 exhibent,
1740 1206 1850 1246 potius

197 1256 293 1287 series
309 1255 524 1296 professorum
547 1264 640 1294 quam
664 1253 796 1286 annales
818 1253 1003 1294 necroloyici
1025 1254 1212 1286 nominandi
1234 1257 1318 1286 sunt.
1365 1255 1516 1287 Attamen
1537 1256 1670 1296 sinyulis
1686 1257 1849 1290 canonico-

196 1317 270 1339 rum
296 1306 475 1338 nominibus
503 1305 599 1344 locus,
631 1316 739 1337 annus
766 1315 804 1336 ac
830 1306 896 1337 dies
925 1306 1028 1337 obitus
1048 1305 1235 1346 plerumque
1262 1307 1400 1346 appositi
1426 1310 1516 1345 sunt,
1547 1309 1690 1347 quamvis
1712 1310 1851 1341 auctoris

196 1369 325 1397 manus,
358 1369 440 1398 quae
463 1357 582 1389 saeculi
603 1357 679 1389 XV.
703 1357 847 1389 exeuntis
870 1357 1083 1397 professorum
1109 1358 1220 1389 seriem
1248 1358 1446 1397 conscripsit,
1480 1358 1602 1390 ultimis
1630 1360 1714 1391 notis
1744 1370 1851 1392 eorum

197 1410 299 1442 obitus
321 1410 402 1442 diem
423 1419 488 1441 non
509 1409 668 1440 adiecerit.
716 1409 799 1449 Quos
820 1408 952 1440 annales
974 1408 1088 1440 litteris
1110 1409 1242 1440 minutis
1265 1409 1349 1449 tynis
1371 1410 1531 1449 exscripsi.

301 1461 568 1494 Reverendissimo
590 1461 713 1493 domino
732 1460 903 1492 Adalberto
919 1460 1053 1500 Danaa,
1077 1460 1214 1492 coenobii
1237 1460 1456 1492 Gottwicensis
1477 1461 1584 1493 abbati
1606 1462 1783 1501 venerabili,
1810 1473 1849 1494 ac

197 1514 224 1546 b.
237 1524 277 1546 m.
295 1513 332 1545 P.
350 1513 576 1546 Garolomanno
600 1513 637 1544 cle
653 1512 815 1552 Schilliny,
838 1512 999 1551 subpriori
1019 1515 1112 1552 atque
1134 1512 1271 1544 eiusdem
1292 1513 1477 1544 monasterii
1499 1513 1696 1546 bibliothecae
1715 1515 1847 1554 custodi,

196 1565 254 1606 qui
274 1566 330 1597 hoc
352 1566 454 1597 codice
475 1565 586 1597 utendi
607 1564 765 1596 licentiam
788 1563 867 1596 mihi
883 1564 1105 1603 permiserunt,
1129 1564 1186 1596 boc
1207 1574 1328 1604 quoque
1351 1565 1415 1596 loco
1436 1565 1560 1604 qratias
1583 1575 1640 1605 ayo
1663 1566 1792 1598 debitas.

786 1672 828 1716 R
838 1670 966 1717 OTE
976 1672 1019 1716 Ν
1028 1671 1175 1716 MAN
1185 1668 1269 1716 NJ)

302 1749 419 1777 Inieium
441 1749 617 1776 fundacionis
642 1749 723 1776 monii
746 1754 865 1776 can⁰r¹¹¹¹¹
886 1749 1057 1784 regularium
1081 1749 1110 1775 in
1129 1749 1287 1775 Rotnmann
1312 1749 1437 1776 invenies
1463 1749 1537 1776 circa
1559 1750 1701 1777 urbarium
1727 1751 1850 1779 eiusdem

196 1793 287 1825 monii,
307 1802 356 1828 pro
376 1792 454 1820 cuius
471 1792 563 1827 prima
580 1792 760 1827 plantacioue
780 1801 804 1819 a.
819 1793 843 1819 d.
859 1794 924 1819 1455
941 1793 1015 1820 circa
1027 1794 1128 1820 festum
1142 1793 1162 1819 si
1176 1792 1328 1827 Augustini
1341 1792 1453 1819 fuerunt
1467 1793 1500 1820 de
1515 1794 1602 1820 monio
1615 1793 1698 1821 beate
1711 1794 1851 1822 Dorothee

198 1837 315 1872 virginis
333 1836 362 1862 in
373 1836 495 1863 Wienna
513 1835 628 1862 adducti
646 1837 745 1863 fratres
764 1835 927 1870 subscripti:
948 1836 1022 1871 Mag.
1036 1836 1174 1863 Iohannes
1187 1836 1260 1870 Iung
1278 1835 1312 1862 de
1325 1835 1540 1870 Dinkhelspfihl.
1578 1837 1651 1871 Mag.
1663 1837 1851 1873 Wolfgangus

197 1880 231 1906 de
241 1880 493 1913 Wilhalbmspurg.
529 1878 560 1904 D.
574 1877 732 1912 Stephanus
746 1879 844 1913 'l‘engk
863 1879 896 1905 de
909 1878 1069 1913 Egnburga.
1106 1878 1138 1904 D.
1153 1878 1268 1904 Iacobus
1286 1878 1319 1904 de
1333 1878 1453 1905 Lutovia
1467 1878 1537 1905 alias
1551 1879 1652 1906 Prfinn.
1689 1879 1720 1906 D.
1734 1880 1850 1907 Georius

166 1931 177 1949 11
197 1923 316 1950 Kastner
334 1922 406 1949 alias
419 1921 530 1948 Walieh
550 1921 583 1947 de
603 1921 749 1956 Elbangen
768 1923 797 1948 et
815 1922 846 1948 fr.
861 1922 986 1948 Andreas
1005 1921 1182 1948 Prunnleiter
1201 1930 1242 1947 cv.

303 1965 489 1999 ¹¹)Sequuntur
507 1964 619 1990 uomina
638 1964 759 1991 omnium
782 1965 844 1991 frum
865 1964 989 1991 vivorum
1008 1966 1037 1991 et
1055 1965 1226 1991 mortuorum
1245 1972 1262 1990 a
1282 1964 1371 1997 primo
1390 1963 1522 1998 religioso
1541 1964 1623 1990 monii
1643 1963 1672 1990 in
1690 1964 1850 1991 Rotnmann

198 2017 284 2043 usque
303 2009 334 2035 in
353 2017 476 2043 presens:

300 2051 375 2086 Mag.
394 2051 531 2078 Iohannes
553 2051 654 2085 Iunge)
679 2051 713 2077 de
732 2050 938 2085 Dinckhlspfihl
962 2059 1031 2077 unus
1056 2050 1089 2077 de
1113 2050 1210 2084 primis
1233 2049 1302 2076 fecit
1326 2049 1523 2083 professionem
1548 2049 1584 2076 ad
1607 2049 1662 2076 Sam
1682 2050 1851 2078 Dorotheum

197 2094 317 2122 Wienne
335 2103 359 2121 a.
373 2094 398 2121 d.
413 2094 492 2126 1443,
518 2094 572 2121 fuit
594 2093 699 2120 ibidem
721 2095 815 2120 sextus
838 2093 913 2127 prior
937 2096 966 2120 et
991 2094 1096 2128 primus
1121 2093 1191 2124 dec.‚
1218 2102 1243 2119 a.
1262 2101 1325 2119 vero
1351 2093 1376 2119 d.
1395 2092 1461 2119 1455
1484 2092 1539 2119 fuit
1558 2092 1663 2120 electus
1683 2092 1712 2119 in
1731 2093 1851 2127 primum

155 2145 180 2165 ιο
198 2143 309 2172 pposum
332 2137 413 2163 monii
437 2137 465 2163 iu
484 2137 643 2164 Rotnmann
667 2136 836 2163 auctoritate
859 2136 1016 2170 apostolica
1041 2145 1091 2170 per
1114 2136 1170 2162 d¹¹¹¹¹
1191 2135 1340 2162 Nicolaum
1365 2135 1400 2162 ad
1420 2135 1475 2161 S¹³¹¹¹
1494 2135 1663 2162 Dorotheam
1687 2141 1797 2170 pposu’fl
1823 2138 1852 2163 et

198 2181 308 2208 demum
327 2189 351 2207 a.
365 2180 391 2207 d.
405 2180 472 2206 1463
490 2180 642 2207 translatus
662 2180 697 2206 ad
715 2179 921 2214 preposituram
940 2179 969 2206 in
987 2180 1038 2205 Aw
1058 2181 1085 2206 et
1105 2179 1204 2205 ultimo
1224 2179 1258 2205 ad
1279 2178 1484 2212 preposituram
1504 2179 1526 2204 si
1543 2178 1672 2205 Maurieii
1691 2178 1719 2205 in
1738 2178 1850 2206 Frisaco

198 2225 228 2251 et
245 2223 350 2251 ibidem
369 2223 514 2250 defunctus
532 2224 575 2250 est
593 2231 617 2250 a.
631 2222 683 2255 (Μ)
693 2222 712 2256 ¹)
748 2222 832 2249 Rexit
850 2222 1055 2256 preposituram
1075 2222 1103 2248 in
1122 2221 1280 2248 Rotnmanu
1299 2222 1315 2247 8
1334 2221 1413 2247 annis
1434 2221 1465 2248 12
1484 2221 1645 2248 ebdomadis
1664 2221 1680 2247 3
1698 2221 1804 2249 diebus.

302 2267 376 2301 Mag.
387 2266 572 2300 Wolfgangus
590 2266 624 2292 de
638 2265 882 2300 Wilhalbmspurg
899 2274 969 2292 unus
988 2265 1022 2292 de
1042 2264 1137 2299 primis
1156 2265 1210 2291 hue
1229 2265 1327 2291 missus
1347 2263 1415 2291 fecit
1434 2264 1631 2298 professionem
1650 2265 1686 2291 ad
1699 2264 1754 2291 Sam
1767 2266 1851 2292 Doro-

198 2310 293 2337 theam
312 2318 336 2336 a..
350 2309 375 2336 d.
390 2309 465 2341 1423,
483 2309 538 2335 fuit
557 2309 660 2335 ibidem
680 2308 785 2343 primus
804 2308 880 2343 prior
898 2310 927 2336 et
946 2310 1010 2343 post
1028 2308 1216 2335 obedientiam
1236 2307 1281 2334 hie
1300 2308 1405 2334 factam
1424 2307 1478 2334 fuit
1491 2307 1644 2334 associatus
1658 2307 1801 2335 antedicto
1819 2308 1851 2335 d0

158 2359 180 2378 1⁵
200 2358 285 2387 ppos⁰
303 2353 339 2379 ad
357 2353 407 2379 Aw
426 2354 455 2379 et
473 2351 615 2379 Frisacum
635 2354 663 2379 et
681 2352 795 2379 tandem
814 2352 843 2378 in
863 2351 974 2378 Frisaco
993 2351 1062 2386 prof.
1076 2351 1120 2378 ob.
1134 2350 1239 2377 ibidem
1258 2359 1282 2377 a.
1296 2350 1350 2383 dstl)

302 2396 334 2422 D.
349 2395 463 2422 Georius
474 2395 587 2422 Walich
606 2395 676 2422 alias
696 2395 817 2422 Kastner
834 2395 868 2421 de
881 2395 1017 2429 Elbangn‚
1037 2403 1108 2421 unus
1128 2393 1161 2420 de
1174 2393 1279 2427 primis,
1299 2401 1353 2419 non
1373 2402 1402 2420 se
1420 2393 1466 2420 hie
1479 2393 1630 2424 stabilivit,
1650 2393 1698 2420 sed
1717 2393 1740 2420 si
1753 2393 1851 2421 fuisset

198 2439 384 2466 necessarium
403 2438 438 2465 ob
458 2438 596 2465 defectum
615 2446 803 2472 personarum,
821 2446 856 2465 no
875 2438 950 2464 locus
969 2437 1106 2469 deficeret,
1124 2446 1153 2464 se
1166 2436 1377 2470 incorporasset‚
1398 2438 1426 2463 et
1439 2438 1532 2463 tamen
1546 2436 1592 2462 hic
1606 2438 1759 2463 extremum
1772 2446 1851 2464 suum

200 2482 302 2509 clausit
321 2481 415 2515 (diem)
421 2482 444 2513 θ)
462 2489 487 2507 a.
501 2481 526 2508 d.
539 2481 614 2514 1482,
635 2481 695 2508 Vll.
709 2482 765 2508 kal.
778 2481 933 2508 Februarii.

302 2524 334 2551 D.
348 2524 505 2558 Stephanus
518 2524 617 2559 Tengk
635 2525 668 2551 de
681 2524 834 2559 Egnburga
853 2533 922 2550 unus
941 2524 974 2551 de
993 2523 1091 2558 primis
1109 2524 1164 2550 huc
1178 2523 1333 2550 destinatus
1352 2523 1419 2550 feeit
1435 2522 1631 2557 professionem
1652 2522 1687 2549 ad
1700 2521 1754 2548 Sam
1767 2522 1850 2549 Doro-

155 2573 181 2592 20
199 2568 294 2595 theam
313 2576 338 2594 a.
351 2568 377 2594 d.
392 2567 457 2594 1452
476 2569 505 2594 et
523 2567 570 2594 hic
587 2567 731 2594 stabilitus
749 2568 792 2594 ob.
807 2567 908 2594 XVIII.
922 2567 978 2594 kal.
993 2566 1152 2594 Decembris
1170 2575 1194 2592 a.
1209 2566 1234 2593 d.
1250 2566 1323 2592 1483.

303 2610 335 2637 D.
351 2610 468 2637 Iacobus
491 2609 619 2638 Smuczer
641 2610 675 2638 de
699 2611 818 2638 Lutovia
841 2610 910 2637 alias
930 2610 1023 2637 Prfinn
1046 2609 1074 2636 in
1093 2609 1219 2636 Moravia
1243 2609 1312 2635 fecit
1333 2608 1531 2642 professionem
1555 2609 1590 2635 ad
1609 2608 1663 2634 Sam
1683 2608 1851 2635 Dorotheam

200 2663 224 2680 a.
239 2653 264 2680 d.
278 2653 346 2680 1455
363 2653 392 2679 in
411 2653 456 2680 die
470 2653 593 2680 Udalrici
612 2655 640 2680 et
658 2653 772 2680 tandem
791 2653 838 2680 hie
856 2653 999 2680 stabilitus
1018 2653 1062 2680 ob.
1076 2661 1100 2680 a.
1114 2652 1139 2679 d.
1155 2652 1220 2679 1489
1235 2652 1281 2678 VI.
1295 2651 1351 2678 kal.
1365 2651 1430 2677 Iulii
1442 2659 1512 2677 uuus
1526 2651 1559 2677 de
1572 2650 1670 2685 primis
1683 2651 1737 2677 huc
1750 2651 1850 2678 missis.

303 2731 327 2765 ⁸)
345 2732 403 2758 Hoc
421 2741 511 2758 nomen
530 2733 619 2758 litteris
635 2733 721 2758 rubris
733 2733 886 2758 distinctum.
969 2731 992 2764 b)
1014 2732 1126 2764 Sequens
1139 2732 1238 2756 titulus:
1257 2732 1406 2763 Sequuntur
1417 2738 1496 2762 ueque
1508 2731 1534 2754 iu
1549 2738 1652 2762 presens
1666 2731 1754 2755 litteris
1765 2730 1852 2755 rubris

199 2776 338 2801 distinctae.
413 2774 436 2808 ⁰)
455 2775 489 2800 In
501 2776 617 2808 maryine
629 2776 712 2800 altera
724 2784 804 2800 manu
818 2784 910 2800 coaeva
922 2779 1048 2800 notatum:
1067 2775 1107 2800 ob.
1185 2773 1209 2806 d)
1230 2774 1322 2798 Annus
1334 2777 1357 2798 et
1369 2773 1423 2798 dies
1436 2773 1516 2798 obitus
1529 2773 1604 2798 deest.
1675 2772 1697 2805 θ)
1718 2773 1851 2806 Supplevi.

155 2835 182 2855 25
305 2831 325 2863 ¹)
346 2829 391 2856 Ob.
401 2832 462 2863 post
479 2838 504 2856 α.
520 2834 589 2857 1475.

1594 2870 1644 2896 74⁸
