2150 3178
349 187 412 218 530
755 182 1023 211 NECROLOGIUM
1042 182 1234 210 CANONIAE
1251 181 1300 209 AD
1318 181 1345 209 S.
1358 181 1610 210 HIPPOLY'I'UM.

662 270 731 314 pbr.
754 274 788 303 et
817 270 874 303 cfr.
896 281 926 302 n.
980 270 1034 302 Fr.
1052 269 1282 312 WVolffgangus
1315 268 1356 301 de
1383 268 1597 302 Herzoburck
1625 269 1682 302 ofr.
1702 280 1733 301 n.
1786 269 1941 303 Nicolaus
1973 269 2015 302 de

663 324 702 356 S·
717 324 822 357 Cruce
846 324 916 367 pbr.
935 327 968 356 et
991 324 1047 357 cfr.
1064 335 1094 355 n.
1140 322 1193 355 Fr.
1210 322 1365 355 Nicolaus
1391 332 1433 355 m.
1458 321 1500 354 de
1523 321 1723 364 Tegernsee,
1750 321 1820 364 pbr.
1843 325 1877 354 et
1899 321 1956 354 cfr.
1972 332 2014 364 ιι.·,

663 380 696 408 et
720 376 758 408 fr.
776 375 944 408 Cristanus
965 376 1074 408 senior
1096 374 1190 407 monii
1206 374 1420 407 Gotwicensis
1443 377 1476 407 er
1498 373 1555 407 cfr.
1570 384 1602 407 ιι,
1640 378 1674 406 D.
1688 378 1822 406 Nicolaus
1837 377 2013 421 §semlanch

664 428 726 463 pbr.
739 429 769 455 elz
786 428 819 455 fr.
832 437 858 455 ιι.
879 428 954 455 1514.
1908 427 1911 434 “

366 475 392 504 7.
526 485 592 505 non.
615 471 802 504 Albertus
833 472 876 504 fr.
899 482 929 503 n.
981 469 1166 502 Albertus
1199 469 1356 501 villicus
1390 468 1436 501 de
1468 468 1714 511 Spraetzorn,
1748 467 1897 500 oblatio
1931 469 1977 500 60
1991 471 2017 506 ‹b-

662 524 841 556 Alramus
865 524 902 555 in
917 522 1048 555 Strata
1071 520 1288 562 claustrali,
1313 521 1517 561 oblatio-²12
1535 521 1634 558 tal«)-
1671 519 1839 552 Perchta
1861 530 1921 551 ux.
1938 529 2016 551 sua.

662 575 785 619 [Hugo
809 575 888 617 pbr.
906 574 1072 608 ecclesie
1095 573 1122 605 ε’
1142 573 1333 614 Floriani,
1357 572 1423 605 cfr.
1440 583 1471 604 n.
1516 571 1789 605 Perichtoldus
1811 571 1888 614 pbr.
1913 574 1952 603 et
1973 581 2016 603 m.

663 627 714 659 de
739 626 780 659 S·
797 626 933 664 Gruce,
957 626 1021 658 cfr.
1038 637 1068 658 ιι.
1115 624 1206 658 Otto
1229 624 1308 667 pbr.
1330 624 1375 658 de
1400 623 1564 657 Secovia
1587 627 1625 656 et
1648 624 1713 656 cfr.
1730 634 1760 656 n.
1806 623 2018 667 Pilgrimus

665 679 771 721 prior
794 682 832 710 et
855 689 897 710 m.
918 677 964 710 de
987 677 1350 720 Paugartenperg·),
1374 676 1439 709 cfr.
1456 687 1486 708 n.
1533 675 1760 709 Chunradus
1782 675 1861 708 dec.
1886 674 2018 707 domus

664 730 899 770 &moi-iani,
923 729 988 761 cfr.
1009 740 1040 761 ιι.
1085 728 1251 760 Thomas
1274 728 1318 760 de
1342 727 1573 770 Neunburga
1599 727 1676 770 pbr.
1699 730 1737 760 et
1763 727 1829 760 cfr.
1845 737 1877 759 ιι.
1921 726 2018 759 Her-

663 792 819 814 mannus
850 781 895 814 de
924 780 1143 814 Gotschach
1167 779 1419 822 Varawensis,
1455 780 1521 812 cfr.
1545 778 1590 822 n.]
1641 779 1792 812 Andreas
1820 778 1890 822 pbr.
1912 779 2018 812 Varo-

665 834 792 875 wensis,
810 834 865 866 cfr.
880 845 909 866 n.
949 833 1114 865 Iohannes
1137 832 1206 875 pbr.
1224 832 1265 864 de
1282 831 1319 864 80
1334 831 1498 874 Floriano,
1521 831 1578 864 cfr.
1591 842 1621 864 n.
1659 831 1777 864 Petrus
1791 830 1862 874 pbr.
1881 834 1914 863 et
1935 830 1974 863 fr.
1986 841 2018 863 n.

664 886 828 918 Iohannes
844 885 885 918 de
899 884 1133 927 Herczoburga
1148 885 1218 927 pbr.
1232 887 1266 916 et
1285 884 1342 916 cfr.
1355 895 1384 916 n.
1419 884 1515 916 Anna
1530 883 1594 915 m¹¹¹
1609 883 1651 916 de
1667 883 1835 926 Seecovia,
1851 893 1976 915 consor.
1988 877 2027 915 n.'

663 938 717 970 Fr.
731 938 855 970 Paulus
870 937 986 979 Rigler
1001 937 1043 970 de
1058 938 1208 979 Augusta
1231 947 1279 968 cv.
1296 940 1330 968 ct
1352 935 1409 968 cfr.
1426 947 1456 968 ιι.
1474 938 1508 968 et
1530 935 1568 968 fr.
1584 935 1721 978 Egidius
1743 945 1786 967 m.
1803 934 1844 967 de
1860 934 2018 967 Krembs·

665 993 811 1022 munster
833 989 904 1032 pbr.
920 992 954 1021 et
977 989 1032 1021 cfr.
1050 1000 1079 1020 n.
1125 988 1166 1020 D.
1183 988 1322 1020 Ioannes
1346 987 1386 1020 de
1409 987 1447 1020 S·
1463 987 1567 1021 Cruce
1590 987 1661 1030 pbr.
1679 989 1713 1019 et
1735 987 1791 1020 cfr.
1808 997 1838 1019 n.

367 1046 394 1074 8.
439 1045 567 1073 x'111.id.
619 1041 866 1084 ¹’)Heinricus
896 1041 942 1073 de
965 1041 1124 1073 Wienna
1154 1039 1232 1082 pbr.
1258 1042 1297 1072 et
1325 1050 1430 1082 ppos.
1454 1039 1516 1082 n.²)
1573 1038 1769 1082 [Nicolaus
1801 1039 1846 1072 de
1877 1039 2019 1081 Campo

665 1093 836 1125 liliorum
860 1093 938 1135 pbr.
956 1095 994 1125 et
1016 1093 1080 1125 cfr.
1098 1103 1128 1124 ιι.
1174 1091 1328 1124 Ulricus
1351 1091 1493 1124 ibidem
1517 1091 1596 1133 pbr.
1613 1094 1651 1124 et
1674 1091 1739 1124 cfr.
1756 1102 1786 1123 n.
1828 1090 2020 1124 Iohannes

665 1156 717 1177 cv.
734 1145 893 1186 ibidem,
918 1145 985 1177 cfr.
1002 1155 1032 1176 n.
1079 1143 1243 1176 Thomas
1266 1143 1312 1176 de
1333 1142 1375 1175 S⁰
1390 1142 1545 1176 Andrea
1567 1142 1646 1185 pbr.
1663 1145 1702 1175 et
1723 1143 1788 1175 cfr.
1805 1153 1836 1175 n.
1881 1142 2020 1175 Petrus

666 1197 711 1229 de
728 1196 1107 1239 Paungartenperig,
1132 1196 1197 1228 cfr.
1214 1207 1244 1227 n.
1286 1194 1512 1228 Ohunradus
1535 1195 1678 1227 ibidem
1702 1197 1740 1227 et
1762 1194 1827 1227 cfr.
1843 1205 1873 1227 ιι.
1911 1194 2020 1227 Wen-

666 1250 839 1282 czeslaus
867 1249 993 1281 dictus
1015 1247 1230 1280 Thaufkint
1257 1247 1426 1280 ecclesie
1455 1246 1490 1279 8¹
1513 1247 1685 1290 Nycolay
1714 1246 1791 1289 pbr.
1818 1250 1856 1279 et
1886 1246 1951 1278 cfr.
1975 1244 2020 1289 n.]

667 1302 745 1333 Otto
770 1301 860 1343 dyac.
883 1304 917 1333 et
939 1311 981 1332 m.
1005 1300 1046 1332 de
1069 1299 1383 1346 Pawngarienperig
1406 1302 1440 1332 et
1463 1299 1519 1331 cfr.
1536 1309 1567 1331 ιι.
1612 1298 1731 1332 Petrus
1753 1298 1840 1341 pleb.
1862 1299 1894 1330 in
1917 1298 2020 1331 Chor-

667 1353 874 1395 neunbuerg,
904 1352 975 1395 pbr.
999 1355 1033 1384 et
1059 1351 1117 1384 cfr.
1137 1362 1168 1384 n.
1214 1351 1300 1394 Mag.
1317 1350 1456 1384 Georius
1478 1352 1511 1383 in
1535 1350 1865 1393 Chremsmuester0),
1895 1350 1966 1393 pbr.
1987 1353 2022 1383 et

667 1405 723 1437 cfr.
739 1416 769 1437 n.
815 1404 982 1437 Erhardus
997 1404 1151 1437 Fosi-ster
1166 1404 1207 1436 de
1224 1403 1477 1446 Reichersperig
1494 1403 1564 1446 pbr.
1582 1406 1616 1435 et
1631 1403 1688 1435 cfr.
1705 1413 1734 1436 n.
1751 1402 1884 1436 ibidem.
1929 1402 2021 1435 Iero-

667 1458 772 1489 nimus
789 1456 966 1500 Chalinger
987 1457 1058 1499 pbr.
1076 1459 1110 1488 et
1133 1455 1190 1488 cfr.
1206 1466 1238 1488 n.
1286 1455 1456 1488 Udalricus
1471 1454 1603 1488 Macdel
1626 1455 1684 1487 cfr.
1699 1465 1730 1487 n.
1775 1454 1949 1497 Balpurgis
1966 1464 2022 1487 ux.

668 1509 822 1541 Iohannis
843 1509 1009 1542 Carnificis
1030 1519 1083 1540 am
1104 1508 1240 1548 Puchel,
1264 1518 1387 1540 consor.
1403 1519 1434 1540 n.
1478 1507 1519 1540 D.
1536 1507 1653 1540 Petrus
1674 1516 1716 1539 ex
1731 1504 2022 1549 Paungartenperg

668 1561 832 1604 quondam
860 1565 982 1601 custos,
1012 1561 1069 1594 cfr.
1091 1572 1120 1593 n.
1173 1560 1213 1593 D.
1230 1560 1404 1603 Philippus
1427 1559 1524 1592 Stuer
1549 1570 1619 1592 can.
1642 1559 1683 1592 de
1707 1558 1745 1591 S⁰
1765 1558 1902 1591 Nicolao
1930 1561 2023 1591 extra

668 1624 776 1646 muros
806 1613 934 1654 Patav.,
969 1614 1025 1646 cfr.
1050 1625 1080 1646 n.
1134 1618 1168 1645 D.
1190 1617 1312 1645 Michsel
1342 1617 1377 1644 de
1405 1616 1439 1644 S·
1460 1617 1607 1645 Dorothea
1631 1616 1755 1649 Wienn.‚
1786 1615 1848 1651 pbr.
1869 1617 1906 1643 et-
1921 1615 1971 1643 cfr.
1991 1623 2021 1643 ιι.

670 1665 700 1691 1).
715 1664 892 1692 Cristofl'erus
912 1665 1015 1692 Pendel
1035 1665 1070 1692 de
1089 1664 1122 1691 S⁰
1136 1664 1247 1691 Andrea
1264 1664 1325 1698 pbr.
1339 1665 1368 1691 et
1386 1663 1434 1691 cfr.
1447 1672 1474 1691 ιι.
1487 1663 1563 1690 1527.

371 1712 397 1739 9.
456 1711 514 1738 Vll.
528 1711 565 1739 id.
616 1709 818 1750 Rucgerus
846 1709 1026 1750 subdyac.
1051 1712 1089 1741 et
1116 1708 1156 1740 fr.
1179 1719 1210 1740 ιι.
1257 1707 1413 1751 [Trauta
1441 1718 1493 1740 cv.
1515 1710 1553 1740 et
1575 1718 1646 1739 sor.
1668 1717 1698 1738 n.
1743 1705 1948 1738 Ekhardus
1969 1714 2022 1737 ac.

669 1760 713 1793 de
731 1760 772 1792 S⁰
787 1760 956 1801 Andr-ea,
981 1760 1045 1792 cfr.
1063 1771 1092 1792 n.
1131 1760 1338 1792 Hainricus
1361 1760 1438 1802 pbr.
1457 1762 1494 1792 et
1517 1758 1558 1792 fr.
1576 1770 1605 1791 n.
1643 1757 1918 1790 Perichtoldus
1940 1756 2020 1800 pbr.

669 1816 706 1844 et
729 1823 771 1844 m.
789 1812 834 1844 de
855 1811 898 1843 S·
915 1812 1051 1850 Cruce,
1075 1812 1140 1845 cfr.
1157 1823 1186 1844 n.
1227 1811 1388 1844 Wendel
1410 1811 1496 1852 mm,
1519 1821 1665 1843 consor.
1681 1810 1726 1853 n.]
1765 1809 1957 1843 Ohunradus
1979 1809 2022 1842 de

669 1864 699 1896 N
703 1864 870 1906 eunburga
886 1864 956 1906 pbr.
974 1868 1007 1896 et
1023 1865 1078 1896 cfr.
1096 1875 1126 1896 n.
1173 1864 1335 1896 Iohannes
1351 1863 1443 1905 dyac.
1460 1863 1593 1904 ibidem,
1617 1862 1674 1894 cfr.
1690 1873 1720 1894 ιι.
1765 1861 1958 1894 Chunradus
1973 1870 2021 1892 cv.

669 1916 710 1948 de
728 1915 853 1958 campo
870 1915 1008 1948 liliorum
1025 1920 1059 1948 et
1075 1916 1132 1948 cfr.
1145 1927 1174 1948 n.
1213 1915 1397 1958 Stephanus
1412 1914 1632 1957 Herlsperger
1646 1914 1716 1957 pbr.
1733 1916 1766 1946 et
1781 1924 1850 1946 can.
1868 1917 1902 1946 et
1917 1913 1973 1945 cfr.
1990 1923 2022 1944 n.

669 1968 790 2000 Reicza
819 1968 898 2000 smfl·
929 1968 1066 2001 ecclesie
1090 1967 1355 2010 Salczpurgcnsis
1384 1972 1437 1999 cv·
1466 1969 1500 1998 et
1528 1977 1654 1998 consor.
1675 1977 1706 1998 n.
1758 1966 1921 1998 Iohannes
1951 1964 2022 1999 dec,

670 2019 888 2061 secoviensis,
920 2020 991 2062 pbr.
1015 2023 1048 2052 et
1076 2020 1132 2052 cfr.
1154 2031 1200 2061 n.,
1231 2019 1356 2062 (14)82.
1402 2018 1443 2050 D.
1460 2018 1626 2051 Erasimus
1649 2021 1682 2050 ei:
1704 2017 1893 2050 Leonardus
1921 2016 1962 2050 de
1985 2016 2022 2049 S·

671 2072 795 2104 Cruece
804 2071 832 2114 d)
857 2072 926 2114 pbr¹
950 2075 983 2104 et
1006 2072 1078 2104 cfr⁰⁸
1102 2071 1141 2104 n'.
1187 2077 1221 2104 D.
1239 2076 1388 2103 Udalricus
1412 2084 1447 2103 ex
1469 2075 1639 2110 Duceburga
1661 2075 1724 2110 pbr.
1741 2076 1771 2102 et
1793 2074 1844 2102 cfr.
1861 2083 1888 2101 n.

360 2128 401 2156 10.
474 2127 521 2154 VI.
535 2127 571 2154 id.
623 2123 816 2156 Gedrudis
843 2124 883 2164 1¹,
923 2124 1071 2156 oblatio
1109 2126 1153 2156 30
1177 2129 1202 2162 ο).
1252 2123 1404 2156 Wentla
1431 2122 1768 2155 Hausekkerinna.
1829 2120 2022 2165 [⁶)Ohune-

671 2176 809 2218 gundis
833 2182 895 2208 cv·
919 2180 956 2208 et
979 2187 1050 2208 sor.
1067 2187 1098 2208 n.
1139 2175 1337 2208 Fridricus
1358 2175 1437 2217 pbr.
1455 2174 1500 2207 de
1513 2174 1777 2215 Walthausen,
1801 2173 1865 2206 cfr.
1881 2184 1911 2205 n.
1950 2172 2022 2216 Ny-

672 2228 805 2259 colaus
836 2228 880 2260 de
904 2228 1062 2260 Wienna
1094 2227 1171 2270 pbr.
1199 2228 1236 2259 in
1265 2227 1553 2269 Herczogwurg
1584 2229 1622 2258 et
1650 2226 1715 2259 cfr.
1737 2237 1768 2258 n.
1823 2225 2023 2267 Gerungus

671 2290 766 2321 mag.
792 2280 971 2320 laterum,
1007 2290 1059 2311 cv.
1083 2279 1128 2312 de
1159 2278 1301 2321 Campo
1331 2279 1500 2311 liliorum
1533 2281 1570 2310 et
1601 2278 1664 2310 cfr.
1689 2289 1720 2309 n.
1772 2276 2023 2310 Marchardus

672 2342 746 2362 sac.
764 2334 802 2363 et
825 2342 866 2363 m.
885 2331 930 2363 de
947 2331 989 2363 8²
1005 2331 1141 2371 Gruee,
1166 2331 1231 2363 cfr.
1248 2329 1291 2374 n.]
1330 2330 1504 2363 Hainricus
1520 2340 1583 2362 sac.
1601 2333 1634 2362 et
1649 2340 1690 2361 m.
1708 2329 1750 2361 de
1765 2329 1898 2370 Zwetel,
1921 2329 1977 2361 cfr.
1991 2339 2023 2361 n.

667 2383 828 2424 Cyriacus
843 2383 1027 2424 Meglinger
1042 2393 1106 2414 sao.
1125 2383 1165 2415 de
1182 2383 1328 2424 Secovia,
1351 2382 1407 2414 cfr.
1421 2393 1451 2414 n.
1488 2381 1661 2414 Ludwicus
1676 2391 1724 2414 ac.
1740 2382 1773 2413 in
1788 2380 2023 2422 Petersgaden,

673 2435 729 2466 cfr.
743 2446 773 2466 n.
811 2435 851 2466 D.
866 2435 1009 2466 Thomas
1025 2435 1195 2467 Lachnaer
1211 2438 1305 2466 extra
1320 2445 1430 2466 muros
1445 2433 1571 2474 Patav.,
1587 2433 1657 2475 pbr.
1675 2436 1709 2465 et
1724 2433 1780 2465 cfr.
1793 2443 1824 2465 n.
1862 2432 2025 2465 Steffanus

672 2486 814 2518 Kamrer
836 2487 857 2517 l.
875 2490 908 2518 et
931 2487 986 2518 cfr.
1004 2498 1034 2518 n.
1080 2486 1234 2518 Erasmus
1258 2497 1300 2519 ex
1315 2486 1410 2518 Valle
1427 2486 1608 2518 Laventina
1630 2486 1650 2516 1.
1667 2487 1701 2516 et
1723 2485 1778 2517 cfr.
1794 2496 1825 2517 11.
1870 2484 2024 2517 Nicolaus

673 2538 790 2578 Cerdo,
814 2538 955 2570 Michael
978 2538 1181 2581 Lutifigulus,
1200 2538 1296 2570 Vitus
1313 2539 1510 2580 Ausperger‚
1534 2537 1554 2568 1¹
1576 2539 1609 2569 et
1631 2537 1704 2568 cfr⁶¹
1726 2536 1765 2568 n¹.
1810 2537 1959 2569 Andreas
1983 2536 2023 2569 de

674 2589 890 2622 Walthausen
914 2594 947 2622 et
970 2591 1025 2622 cfr.
1043 2602 1072 2622 n.

467 2702 491 2734 Β)
512 2703 536 2728 Ι.
553 2711 574 2728 e.
597 2703 844 2736 Paumgartenperg.
955 2702 979 2735 b)
999 2702 1113 2735 Sequens
1134 2707 1195 2728 nota
1218 2703 1308 2728 litteo-io
1328 2702 1414 2727 rubris
1436 2701 1540 2734 scripta.
1650 2700 1673 2733 c)
1693 2700 1717 2727 Ι.
1733 2709 1754 2727 e.
1778 2701 2022 2727 Chtemsmuenster.

361 2743 387 2776 d)
408 2745 453 2770 Sic
471 2746 527 2771 cod.
633 2746 655 2778 θ)
676 2746 789 2778 Sequens
807 2750 869 2771 nota
887 2754 970 2779 supra
988 2747 1072 2771 locum
1091 2755 1180 2771 rasum
1199 2746 1303 2778 scripta.

470 2823 489 2854 ¹)
508 2822 655 2848 Heinricus
674 2822 731 2849 ΙΙΙ.
751 2826 813 2849 1315
831 2822 924 2848 electus
943 2822 982 2849 ob.
996 2831 1022 2849 a.
1035 2822 1143 2849 incerto.
