2150 3178
333 234 394 265 152
481 230 636 259 NECROL.
653 230 835 259 FRATRUM
854 231 1032 259 MINORUM
1051 230 1342 259 OBSERVANTIUM
1361 230 1589 260 PROVINCIAE
1606 229 1847 259 AUSTRIACAE.

435 318 526 345 Venu·
536 327 564 353 p.
575 318 692 345 Ioannes
703 318 829 351 Prussus,
847 317 972 353 optimus
984 317 1114 352 scriptor.
1131 317 1181 352 qui
1198 327 1249 353 pro
1266 318 1327 346 loco
1337 317 1490 346 Viennensi
1503 318 1559 347 duo
1570 317 1720 354 gradualia
1732 316 1906 352 conscripsit,
1923 316 2000 344 ultra

331 362 366 389 60
385 361 529 388 volumina
550 369 615 388 vero
633 361 662 388 in
682 361 776 394 ltalia,
795 361 960 396 praesertim
979 361 1126 396 provincia
1143 360 1280 394 Bononia,
1299 361 1349 389 ubi
1367 363 1398 390 et
1415 361 1564 390 defunctus
1582 363 1634 390 est.

436 405 529 432 Venli·
542 414 569 439 p.
581 404 756 440 Augustinus
774 405 809 433 de
822 404 988 438 Weitstorff,
1007 404 1172 432 licentiatus
1191 404 1261 432 iuris
1279 404 1434 440 utriusque,
1453 404 1484 432 in
1501 404 1638 441 religione
1656 404 1780 440 optimus
1797 413 1862 436 sac..
1881 405 2000 432 moritur

332 448 361 475 in
381 448 475 476 Italia.

438 490 527 518 Venli·
539 499 566 525 p.
583 489 712 518 Calixtus
730 490 765 517 de
784 491 946 527 Nenberga,
971 491 1008 519 ad
1027 491 1143 519 Terram
1161 491 1293 519 Sanctam
1313 500 1376 518 cum
1394 490 1545 519 admodum
1563 496 1627 518 rev⁰
1646 495 1679 526 p·
1698 489 1902 527 christophoro
1919 490 2000 518 Vari·
2031 496 2043 515 5

333 534 426 565 siensi,
445 543 465 561 s.
480 533 643 568 Capistrani
661 533 690 560 in
709 533 844 570 erigenda
861 534 1009 570 provincia
1028 534 1177 562 Austriaca
1195 534 1332 567 adiutore,
1351 533 1524 570 peregrinus.
1543 533 1648 562 ibidem
1667 535 1747 570 peste
1765 533 1949 569 extinguitur.

437 577 530 605 Venu·
543 586 570 612 p.
581 576 710 611 Raphael
723 577 758 605 de
770 577 901 610 Gorlizio,
915 578 1034 606 eximius
1047 578 1228 613 praedicator
1241 579 1271 605 et
1282 577 1452 612 exemplaris
1464 577 1669 613 religiositatis,
1687 577 1737 612 qui
1750 585 1813 605 cum
1827 586 1862 605 ex
1875 577 2001 613 capitulo

333 621 362 647 in
381 620 554 655 Paradyso¹)
573 619 704 648 Austriae
722 620 866 648 celebrato
883 621 921 648 ad
939 630 1019 648 suum
1038 621 1256 656 guar-dianetum
1271 620 1535 648 wratislaviensem
1552 620 1664 654 rediret,
1683 619 1824 648 Olomncii
1840 619 1967 648 moritur.

438 663 506 691 Rev.
532 673 560 698 p.
586 663 724 691 Henricus
751 663 969 692 Landobutanus
995 665 1032 692 ad
1059 664 1186 692 ordinem
1213 672 1231 691 a
1258 673 1279 690 s.
1302 663 1470 699 Capistrano
1497 666 1656 699 susceptus,
1687 663 1771 692 subin
1800 665 1881 691 rev¹²¹¹
1907 664 1935 691 d*
1961 664 2002 700 pl·

333 707 473 735 Gabi-ielis
492 706 658 734 Veronensis
681 709 714 741 (s.
732 707 893 742 Capistrani
917 707 1087 735 coadiutoris
1112 707 1243 742 egregii),
1270 707 1314 742 ep*
1334 706 1490 743 Agriensis.
1519 716 1580 743 cap.
1599 709 1629 735 et
1653 707 1794 735 confessor
1817 706 2002 742 gratissimus,
2020 713 2047 733 ιο

334 750 453 778 moritur
474 751 585 786 Agl-iae.

438 793 505 821 Rev.
517 803 543 828 p.
556 794 663 821 Marcus
675 793 709 821 de
721 793 839 825 Basilea,
852 793 943 821 lector
955 793 1151 828 peritissimus,
1164 795 1197 820 ut
1209 793 1405 822 conventualis
1417 794 1454 821 ad
1468 803 1563 829 preces
1577 802 1673 822 sacrae
1686 802 1832 822 caesareae
1845 793 2004 822 maiestatis

334 836 469 864 Friderici
490 838 538 864 111.
557 837 593 864 ad
613 837 737 864 ordinem
756 838 895 871 receptus,
913 837 959 864 ob.
972 836 1084 864 Graecii
1102 837 1138 864 ad
1158 836 1185 864 S.
1198 837 1429 871 Leonhsrdum.¹)

439 881 506 908 Rev.
517 889 544 914 p.
554 879 682 907 Clemens
695 879 730 907 de
740 879 896 908 Dietmaria
908 879 1021 914 nobilis,
1040 880 1214 915 Lippsiensis
1226 889 1310 916 mag„
1328 889 1448 916 maguae
1461 880 1596 908 scientiae
1609 882 1640 908 et
1651 880 1839 912 litteraturae.
1853 880 2004 916 aliquoties

334 926 394 951 tum
407 923 541 952 Viennae.
561 926 622 951 turn
642 923 751 951 Brunae
769 922 951 958 guardianus.
971 925 1097 951 mortuus
1117 924 1227 952 Brunae
1244 923 1274 951 in
1293 924 1427 952 Moruvia.
2021 928 2047 949 ²⁵

437 966 527 994 Venn·
540 976 566 1001 p.
584 966 741 994 Leonardus
760 966 795 994 de
804 966 891 997 Wels‚
909 966 1083 1001 guardiauus
1096 967 1268 1003 Iudenburgi
1276 969 1307 1001 ⁸),
1325 967 1392 995 dum
1411 967 1447 995 ad
1460 967 1617 1003 capitulum
1630 967 1761 1003 generale
1773 967 2004 1002 proficisceretur.

335 1009 466 1038 Venetiis
484 1010 528 1037 ob.
1381 1037 1384 1040 .

439 1053 529 1080 Venn·
542 1062 569 1088 p.
583 1053 747 1080 Pranciscus
765 1053 800 1081 de
813 1053 977 1087 Wellstein,
996 1054 1039 1080 vir
1056 1053 1173 1086 nobilis,
1192 1055 1323 1082 strenuus
1341 1054 1371 1082 in
1390 1054 1502 1082 saeculo
1521 1054 1579 1082 mil.
1596 1063 1630 1082 ac
1648 1054 1722 1082 inter
1741 1053 1861 1082 curiales
1879 1053 2006 1082 Ladislni

334 1097 408 1132 regis
431 1105 488 1124 non
516 1096 628 1124 infimae
651 1096 853 1131 reputationis,
880 1096 908 1124 in
932 1096 1082 1132 religione,
1109 1097 1273 1125 humilitate
1295 1106 1329 1125 ac
1353 1097 1473 1125 caeteris
1497 1097 1650 1125 virtutibus
1668 1094 1940 1133 praestantissimus,
1968 1097 2005 1126 ab

335 1139 494 1170 haereticis.
518 1140 584 1166 dum
603 1140 695 1167 locum
715 1140 885 1174 pragensem
903 1139 1068 1176 susciperet,
1091 1140 1183 1168 multa
1201 1140 1355 1176 opprobria
1372 1141 1518 1176 patienter
1537 1149 1692 1176 perpessus.
1715 1140 1765 1168 ubi
1783 1142 1849 1177 post
1866 1141 1938 1169 bene
1956 1141 2004 1170 ab·
2023 1147 2050 1170 ιο

335 1184 458 1211 solutum
477 1183 682 1218 guardianatus
700 1183 824 1211 officium
842 1185 922 1218 peste
941 1184 1070 1212 sublatus
1088 1183 1224 1220 migravit
1242 1184 1279 1212 ad
1297 1184 1364 1212 dm.

441 1226 533 1254 Venu·
547 1236 574 1261 p.
590 1226 775 1261 Hieronymus
799 1227 833 1254 de
847 1227 1046 1259 Wratislnvia,
1072 1227 1160 1255 bonus
1183 1227 1364 1263 praedicator
1389 1230 1419 1256 et
1443 1227 1582 1263 pictoriae
1607 1227 1677 1256 artis
1699 1236 1942 1264 summegnarus.
1968 1227 2004 1256 ob

335 1269 546 1297 Wratislaviae.

440 1313 483 1340 Fr.
498 1313 634 1347 Roget-ius
655 1313 816 1345 Brunensis‚
843 1313 862 1341 l.
880 1314 1078 1342 devotissimus
1102 1323 1135 1341 ac
1160 1314 1248 1341 animi
1271 1313 1518 1349 inperturbabilis,
1546 1323 1651 1349 coquus
1676 1315 1761 1342 antea
1778 1313 1945 1342 Viennensis
1969 1314 2006 1342 nd

335 1356 360 1383 S.
375 1356 579 1389 Theobaldum,
599 1358 725 1384 mortuus
744 1357 862 1384 Brunae.
2017 1365 2044 1387 π

441 1400 537 1427 Ven10·
555 1406 601 1435 pe·
620 1399 749 1428 Urbanus
768 1400 940 1428 Mellicensis
958 1403 988 1427 et
1005 1400 1170 1428 Thimoteus
1188 1401 1223 1428 de
1242 1400 1390 1437 Hungeria
1407 1400 1554 1434 (nesciturz
1579 1400 1636 1433 ubi.
1655 1410 1673 1429 a
1691 1400 1794 1436 quibus
1812 1403 1841 1429 et
1859 1400 1895 1428 ob
1913 1409 1998 1436 quam

335 1444 479 1478 causam?)
496 1444 533 1472 ab
552 1443 649 1479 impiis
667 1446 733 1471 sunt
751 1443 902 1472 interfecti.

439 1487 531 1515 Veuss·
543 1497 570 1522 p.
585 1487 701 1514 Ioannes
714 1486 926 1522 Ratispouensis
946 1488 974 1515 in
993 1488 1105 1516 saeculo
1124 1488 1194 1523 pbr..
1213 1488 1242 1515 in
1260 1487 1358 1516 ordine
1375 1487 1571 1516 devotissimus
1587 1487 1765 1523 praedicator
1778 1489 1808 1516 et
1820 1487 2000 1523 guardinam,

335 1531 379 1559 ob.
393 1531 470 1558 1459.

440 1574 531 1601 Venu·
544 1583 572 1608 p.
587 1574 710 1609 Angelus
729 1575 762 1602 de
781 1574 910 1610 Oerling,
930 1575 1041 1610 saepius
1060 1575 1243 1610 guni-dianus,
1261 1577 1347 1610 aptus
1365 1575 1401 1602 ad
1419 1575 1524 1603 multos
1542 1575 1628 1603 bonos
1647 1575 1757 1603 labores
1775 1577 1805 1603 et
1822 1575 2000 1604 voluntarius
2023 1581 2051 1603 ne

335 1619 370 1646 ad
390 1618 573 1645 laborandum
593 1626 644 1653 pro
663 1619 804 1646 communi
823 1619 905 1651 bono,
924 1619 968 1646 ob.
984 1619 1020 1646 ad
1039 1619 1066 1646 S.
1080 1618 1313 1654 Radegundem.⁴)

441 1661 529 1688 Venus
542 1670 569 1696 p.
583 1661 752 1689 Laurentius
768 1661 929 1694 Baadensis,
948 1671 1004 1696 qua
1025 1662 1084 1696 pbr.
1099 1662 1252 1690 saecularis
1269 1662 1393 1690 ordinem
1413 1662 1561 1697 ingressus,
1581 1662 1749 1697 perdevotus
1767 1670 1830 1690 cum
1848 1661 1999 1700 alacritate

336 1705 382 1732 dei
402 1714 504 1732 servuS.
525 1705 568 1732 ob.
583 1705 618 1732 ad
637 1706 663 1732 S.
680 1705 887 1741 Radeguudem.

442 1748 485 1775 Fr.
499 1748 625 1775 Ruffinus
638 1748 745 1783 Haeug.
765 1749 794 1775 in
808 1749 869 1776 loco
883 1749 1021 1776 Baadensi
1035 1752 1120 1777 antea
1134 1749 1235 1785 hospes
1247 1749 1378 1784 plurimis
1389 1751 1496 1785 gratus,
1516 1749 1560 1776 ob.
1573 1749 1610 1776 ad
1623 1749 1648 1776 S.
1660 1748 1846 1784 Hippolytum
1854 1751 1875 1785 ⁵)
1888 1759 1913 1779 a.
1930 1751 2006 1780 1476.

444 1792 485 1818 Fr.
500 1791 582 1818 Vitus
601 1791 635 1819 de
654 1791 778 1824 Gaebliz,
798 1792 864 1819 olim
885 1801 989 1826 coquus
1007 1803 1029 1820 s.
1042 1793 1155 1820 Ioannis
1173 1801 1191 1820 a
1210 1792 1386 1828 Capistrano,
1405 1792 1524 1820 moritur
1536 1792 1662 1820 Viennae
1681 1793 1796 1820 a.1484.
2023 1798 2048 1819 ⁸⁵

443 1835 484 1862 Fr.
499 1835 614 1863 Ioannes
635 1835 873 1867 Biberschneider,
898 1836 950 1863 civ.
964 1836 1184 1871 Hippolytanns,
1203 1837 1238 1863 80
1255 1836 1338 1864 annis
1355 1839 1439 1864 natus
1457 1836 1583 1864 ordinem
1602 1836 1744 1871 ingressus
1761 1838 1813 1870 est,
1833 1845 1884 1871 pro
1902 1837 2004 1872 ampli-

337 1878 410 1905 ando
434 1884 468 1904 n⁰
486 1878 688 1913 Hippolytensi
712 1879 774 1906 loco
797 1879 891 1913 plures
914 1879 1057 1907 aediculas
1079 1879 1216 1911 obtinuit,
1242 1880 1354 1907 demum
1379 1879 1429 1907 103
1453 1888 1589 1907 annorum
1614 1887 1698 1907 senex
1721 1879 1757 1906 ad
1777 1879 1803 1906 S.
1817 1879 2006 1915 Hippolytum

339 1922 457 1949 moritur
475 1930 500 1948 a.
515 1922 590 1949 1488.

441 1965 532 1992 Venlis
545 1975 572 2000 p.
587 1965 702 1993 Alexins
714 1965 740 1991 N
743 1965 928 1998 usdorffensis,
947 1974 1003 1993 sac.
1021 1968 1172 2001 provectae
1191 1966 1295 1994 aetatis
1314 1966 1482 2002 religionem
1501 1966 1648 2001 ingressus,
1668 1965 1859 2002 Egenburgi⁸)
1878 1966 1940 1995 vita
1957 1967 2003 1995 de-

337 2010 450 2036 functus
469 2011 511 2036 est
530 2017 554 2035 a.
572 2008 645 2036 1488.
2023 2014 2050 2035 ⁴⁰

443 2052 485 2079 Fr.
496 2052 695 2087 Wolffgangus
715 2052 749 2079 de
763 2052 850 2085 Wels,
870 2052 935 2080 cler.
948 2053 1070 2080 antehac
1089 2052 1292 2085 conventualis,
1311 2053 1355 2080 ob.
1370 2053 1495 2081 Viennae
1513 2061 1538 2080 a.
1553 2052 1629 2080 1489.

442 2095 532 2122 Venli·
544 2105 572 2130 p.
586 2095 704 2123 Ioannes
722 2095 758 2123 de
771 2095 906 2127 Gmuend,
925 2104 980 2123 sac.
993 2095 1146 2130 aliquando
1166 2096 1195 2123 in
1209 2096 1324 2124 Terram
1339 2098 1473 2124 Sanctam
1492 2095 1664 2131 peregrinus,
1682 2095 1833 2130 singularis
1851 2105 1871 2123 s.
1887 2104 2006 2131 pauper·

342 2139 412 2167 tatis
430 2141 541 2166 amator
559 2147 592 2166 ac
611 2139 735 2173 optimus
754 2140 901 2171 consessor,
920 2139 964 2166 ob.
984 2138 1013 2166 in
1034 2139 1251 2174 Rudolphswert
1258 2141 1279 2172 ⁷)
1297 2148 1322 2166 a.
1338 2140 1412 2167 1490.

442 2182 485 2209 Fr.
500 2181 622 2209 Michael
640 2182 675 2208 de
695 2181 819 2213 Lusatia,
843 2182 917 2214 cler.,
941 2182 1022 2214 diae„
1049 2182 1155 2210 lumine
1173 2182 1317 2210 oculorum
1336 2183 1459 2213 orbatus,
1482 2184 1542 2210 tum
1561 2191 1612 2218 pro
1631 2182 1757 2213 fratrum,
1780 2183 1842 2209 tum
1858 2190 1910 2216 pro
1929 2182 2005 2210 horti

339 2225 506 2253 necessitate
525 2224 707 2259 Noviburgae
717 2227 738 2258 ⁸)
757 2234 786 2252 se
805 2225 968 2252 hauriendis
986 2225 1068 2260 aquis
1086 2227 1240 2260 spontanee
1258 2225 1369 2253 addixit
1388 2234 1477 2260 usque
1495 2225 1531 2253 ad
1549 2227 1675 2258 mortem,
1695 2224 1736 2252 ibi
1753 2224 1798 2252 ob.
1810 2233 1836 2252 a.
1850 2225 1926 2260 1491.
2021 2230 2048 2251 4⁵

443 2268 486 2295 Fr.
499 2268 636 2303 Georgius
648 2268 764 2295 Stachel
783 2269 810 2301 l.,
829 2268 896 2295 olim
915 2278 936 2295 s.
951 2268 1112 2303 Capistrani
1131 2269 1230 2300 socius,
1250 2268 1278 2295 in
1297 2269 1503 2296 instauratione
1522 2268 1684 2304 provinciae
1700 2277 1751 2304 pro
1768 2268 1864 2303 quiete
1879 2268 2003 2296 locorum

338 2312 441 2343 multa,
467 2312 532 2339 dum
556 2310 663 2345 potuit,
689 2311 764 2345 apud
787 2311 880 2338 sedem
905 2312 1092 2346 apostolicam
1115 2311 1252 2345 obtinuit,
1278 2311 1308 2339 in
1331 2313 1476 2340 senectute
1494 2312 1570 2339 bona
1587 2311 1706 2339 moritur
1722 2311 1759 2339 ad
1777 2310 1803 2338 S.
1816 2311 2005 2346 Hippolytum

339 2364 364 2382 a.
384 2355 461 2382 1494.

443 2398 486 2424 Fr.
501 2398 623 2424 Thomas
644 2397 874 2432 Egenburgensis,
893 2398 911 2424 l.
925 2407 959 2425 ex
977 2399 1039 2425 loco
1060 2398 1193 2432 Paradysi
1213 2398 1240 2424 in
1261 2398 1340 2425 Silva
1354 2398 1504 2425 Viennensi
1522 2397 1634 2425 nivibus
1653 2398 1777 2429 obrutus,
1798 2398 1971 2425 ob.a.1495.

446 2530 466 2560 ¹)
486 2528 548 2555 Hoc
565 2529 714 2555 claustrum
731 2529 852 2560 fratrum
867 2529 1007 2555 Minoo-um
1026 2529 1063 2556 ad
1081 2529 1104 2556 b.
1117 2530 1246 2564 virginem
1264 2530 1295 2556 in
1307 2529 1451 2564 Paradyso
1468 2529 1499 2556 in
1516 2529 1606 2556 media
1619 2528 1694 2556 Silva
1708 2527 1906 2555 deobmaensi
1923 2528 2004 2555 situm
2022 2541 2048 2561 ω

339 2572 494 2605 provinciae
512 2572 631 2598 studium
650 2572 800 2598 litterarum
818 2575 842 2598 et
859 2572 1013 2599 tirocinium
1030 2573 1133 2606 recepit,
1153 2573 1225 2606 quod
1243 2573 1288 2600 VI.
1300 2573 1354 2600 kal.
1369 2572 1424 2601 Oct.
1436 2576 1537 2600 a.1529
1556 2572 1640 2599 Twrci
1651 2571 1807 2599 &let-amno
1824 2570 1891 2598 duce
1905 2571 2003 2598 Vv'ndo-

340 2615 436 2641 bonam
454 2614 602 2641 obsidentes
618 2616 675 2642 solo
693 2618 856 2649 aequarwnt.
964 2617 985 2650 ²)
1008 2615 1168 2642 claustrum
1186 2616 1224 2643 ad
1241 2615 1268 2643 S.
1283 2616 1478 2643 Lemduardum
1495 2616 1617 2649 fratrum
1634 2614 1778 2642 Minorum
1795 2617 1873 2641 atra
1894 2614 2004 2642 Graecis*

339 2658 455 2684 civitatis
477 2666 569 2684 muros
591 2658 622 2684 in
641 2658 734 2693 Styria
752 2667 777 2685 a.
792 2662 856 2685 1463
876 2658 1021 2685 Fridefico
1039 2659 1099 2686 111.
1117 2659 1276 2693 imperatore
1297 2662 1322 2686 et
1340 2658 1507 2686 Burchardo
1525 2658 1721 2693 ardiiepiwopo
1738 2657 1935 2693 Salssburqensi
1952 2667 2003 2685 ane

343 2701 488 2727 'utentibus
512 2701 650 2734 aedificari
675 2704 795 2735 coeptum
817 2704 860 2729 est.
967 2704 988 2735 ³)
1008 2702 1168 2729 claustrum
1189 2711 1209 2730 s.
1223 2702 1355 2729 Iohannis
1378 2702 1522 2736 Baptistae
1543 2700 1711 2735 ludenbuoeyi
1732 2701 1764 2727 in
1789 2701 1885 2736 Styria
1907 2701 1963 2728 iam
1984 2710 2003 2728 α

341 2752 361 2770 s.
382 2744 504 2770 Iohanne
532 2744 696 2777 Capistrano
719 2745 868 2779 fundatum
893 2748 959 2772 erat.
1073 2747 1093 2779 ⁴)
1118 2746 1178 2773 Hoc
1202 2746 1353 2773 coenobium
1379 2746 1410 2771 im
1433 2744 1612 2779 Katzelsdorf
1632 2744 1728 2772 Austr.
1747 2744 1805 2779 Ins.
1827 2743 1910 2771 sitm
1936 2747 2002 2772 erat.
2021 2757 2046 2777 55

345 2789 365 2819 ⁵)
386 2787 545 2814 Claustrwm
563 2788 611 2814 hoc
627 2796 661 2814 ss.
675 2787 872 2814 maximiliano
888 2791 912 2814 et
924 2788 1102 2815 Bernardino
1113 2788 1265 2815 dedicatum
1283 2789 1338 2815 iam
1355 2796 1377 2816 s.
1391 2787 1555 2822 Gap-'stram
1565 2787 1656 2814 adhuc
1665 2787 1764 2814 vivente
1775 2786 2002 2820 fhmdatumwat.

344 2832 365 2864 ⁰)
385 2830 542 2857 claustrum
560 2830 609 2857 hoc
626 2839 647 2857 s.
663 2831 773 2857 Mariae
791 2830 823 2857 de
843 2831 1013 2858 Gandelariis
1024 2831 1198 2867 quenbwryi
1215 2832 1370 2859 dedicatum
1386 2831 1488 2864 frasta
1505 2830 1625 2858 Minores
1641 2830 1714 2858 circa
1732 2839 1758 2858 a.
1771 2834 1845 2858 1460
1858 2830 2004 2858 obtinuisse

343 2873 475 2900 indentur.
582 2875 604 2907 ⁷)
623 2875 659 2900 In
677 2875 796 2900 claustro
815 2882 834 2901 8.
849 2874 1009 2901 Leonhardo
1028 2874 1159 2902 dedicato.
1267 2876 1287 2908 ³)
1307 2875 1586 2909 Claustroneoburyae
1604 2874 1698 2901 Auser.
1712 2873 1772 2907 Ins.
1803 2895 1805 2897 .
