2150 3178
569 191 832 219 NECROLOGIUM
851 190 1039 218 CANONIAE
1057 189 1107 216 AD
1126 189 1151 216 S.
1165 187 1414 215 HIPPOLYTUM.
1755 191 1818 221 475

179 284 206 312 8.
278 283 324 311 VI.
338 283 376 310 id.
424 279 659 320 Isengrimus
683 288 734 309 ov.
752 281 788 309 et
811 277 851 309 fr.
868 288 898 309 n.
945 275 1227 320 [Ohunegundis
1251 275 1294 306 (18
1318 275 1557 316 Maynweroh
1580 285 1637 307 ux.
1654 274 1820 307 Fridrioi

475 329 569 361 miliss
593 329 637 361 (18
661 329 880 370 Hagnaw¹)‚
905 328 1050 360 oblatio
1079 328 1112 369 ¹l2
1131 328 1193 359 tal.
1240 327 1455 368 Stephanus
1478 326 1555 368 pbr.
1579 327 1623 359 (18
1649 327 1819 359 Chrems-

476 383 658 421 munster,
683 381 745 412 cfr.
763 391 792 412 n.
838 380 1034 411 Fridrious
1057 389 1128 411 sac.
1147 382 1183 410 81
1206 389 1247 410 m.
1265 378 1310 410 (18
1327 379 1467 420 Campo
1490 378 1672 420 liliorum,
1696 379 1760 411 ofr.
1777 378 1821 421 n.]

475 432 636 464 Iohannes
660 431 763 463 dietus
786 431 889 463 Tuors
913 431 953 463 de
974 431 1165 462 Tuernstain
1188 430 1258 471 pbr.
1275 433 1307 461 et
1331 430 1368 461 fr.
1385 430 1446 472 ηδ)
1491 430 1668 462 Ieronimus
1693 431 1762 462 deo.
1780 431 1821 464 de

475 483 568 515 Nova
592 482 697 524 Cella,
728 482 797 524 pbr.
822 486 854 514 81
881 483 918 514 fr.
936 493 965 513 n.
1016 482 1128 523 Agnes
1156 481 1196 513 de
1225 481 1261 512 S⁰
1285 481 1407 513 Iacobo
1432 482 1561 513 Wienn.
1587 485 1618 513 81
1646 493 1769 514 consor.
1790 494 1820 514 n.

475 535 528 567 Fr.
549 534 698 566 Andreas
726 534 796 575 pbr.
823 537 855 566 81
881 534 987 566 Ῑῃ.“(18
1015 534 1201 576 Tegernsee
1233 536 1265 564 81
1292 533 1346 564 cfr.
1371 544 1401 564 n.
1447 538 1480 564 D.
1499 538 1636 573 Georgius
1660 539 1765 566 Rolant
1787 541 1822 567 de

477 585 645 613 Ranshoffen
664 585 724 619 pbr.
739 586 769 612 81
787 585 835 612 cfr.
848 594 875 611 n.

181 638 206 666 9.
292 638 324 666 V.
338 638 375 666 id.
423 632 695 675 Chunegundis
722 637 782 664 cv*
811 635 848 664 et
875 643 945 664 sor.
966 644 996 664 n.
1047 631 1255 674 [Dietricus
1282 632 1360 674 pbr.
1385 631 1516 664 domus
1543 632 1569 663 si
1591 633 1762 665 Floriani
1786 637 1824 667 81

476 685 540 717 cfr.
556 696 587 716 n.
630 683 846 716 Choloohus
868 684 946 726 pbr.
963 685 999 715 in
1015 684 1278 725 Wasthausen,
1303 685 1367 715 ofr.
1384 694 1414 715 n.
1453 684 1637 716 Nicolaus
1660 686 1764 727 prior
1787 687 1823 718 in

476 735 863 778 Paungartenb(erg),
881 736 944 767 cfr.
958 735 1002 778 n.]
1037 735 1199 767 Fridrious
1215 735 1285 777 pbr.
1300 735 1340 767 de
1353 735 1535 777 Walthuw,
1552 736 1607 768 cfr.
1622 749 1652 768 n.
1683 737 1823 770 Wilhel—

477 799 548 819 mus
564 798 627 820 sac.
642 791 675 819 81
690 799 731 819 m.
745 787 845 830 (de)s)
858 788 981 829 Campo
998 787 1147 828 liliorum⁷
1164 787 1219 818 cfr.
1231 787 1291 829 ΠΡ)
1325 786 1507 828 Stephanus
1515 787 1542 830 2)
1555 788 1629 819 abb.
1644 788 1685 820 (18
1699 789 1823 831 Campo

476 839 616 871 liliorum
641 842 674 871 81
697 839 752 871 cfr.
772 850 802 871 n.
848 839 888 871 D.
905 839 1010 870 Lucas
1032 839 1101 880 pbr.
1120 838 1335 879 Secoviensis‚
1367 839 1422 870 cfr.
1445 850 1475 870 n.
1521 838 1688 871 Gotfridus
1711 841 1825 884 Krueg

478 901 550 923 eum
572 895 630 922 uxe
650 890 782 923 ibidem.
795 892 803 897 “
828 895 949 922 Swester
971 895 1100 929 Benigne.
1122 894 1360 929 Eybenstainerin
1383 895 1418 922 de
1441 895 1474 922 S⁰
1494 895 1596 923 Iacobo
1620 898 1649 923 81
1672 905 1780 924 consor.
1796 907 1824 925 n.

171 949 214 978 10.
280 949 327 977 IV.
340 949 378 976 id.
426 945 660 978 Herwordus
676 945 936 986 Staiuvelder,
961 946 1106 978 oblatio
1131 947 1176 977 20
1194 952 1219 981 ἢ.
1254 945 1501 988 [Getfridusb)
1528 947 1604 988 pbr.
1622 947 1667 979 de
1685 947 1824 990 Campo

477 998 670 1039 lyliorum,
695 997 758 1029 cfr.
775 1008 805 1029 n.
845 997 1067 1039 Leupoldus
1091 997 1167 1038 pbr.
1185 997 1230 1028 de
1251 996 1292 1028 S⁰
1308 997 1475 1039 Andrea,
1499 998 1563 1030 cfr.
1580 998 1624 1041 n.]
1663 999 1825 1032 Iohannes

476 1049 618 1091 Anhang
645 1049 714 1091 pbr.
741 1049 854 1081 domus
884 1049 1059 1091 stycolai
1087 1052 1120 1080 et
1146 1049 1201 1080 cfr.
1219 1060 1248 1080 n.
1296 1048 1514 1080 Cholomanus
1538 1050 1659 1092 abb.³)‚
1691 1051 1761 1093 pbr.
1783 1052 1824 1084 (18

479 1100 516 1132 θ’
529 1100 642 1142 Oruoe,
660 1100 715 1132 cfr.
729 1111 759 1132 11.
797 1101 914 1132 Petrus
922 1101 947 1143 ⁰)
965 1100 1154 1132 Smacusser
1170 1100 1313 1131 subdiac.
1330 1100 1363 1131 in
1379 1101 1503 1142 Campo
1519 1102 1658 1134 liliorum
1676 1106 1708 1134 81
1724 1103 1780 1135 cfr.
1794 1114 1824 1135 n.

479 1152 655 1195 Gregorius
679 1153 719 1184 de
743 1152 853 1184 Suben
876 1153 946 1194 pbr.
965 1155 998 1184 et
1021 1153 1076 1184 cfr.
1093 1163 1123 1183 n.
1169 1157 1203 1184 D.
1218 1157 1406 1192 Wolfgangus
1422 1157 1641 1185 Pruenschedell
1663 1159 1698 1186 de
1715 1159 1747 1186 S⁰
1764 1159 1825 1187 Flo-

464 1203 558 1230 'riano
577 1204 638 1238 pbr.
651 1206 680 1231 81
699 1204 747 1230 cfr.
760 1213 786 1230 n.
822 1204 913 1231 Beata
931 1204 989 1230 mlifl
1003 1204 1084 1230 monii
1098 1199 1290 1235 Gotrvicensm
1310 1212 1414 1230 consor.
1428 1213 1454 1230 n.
1490 1204 1521 1231 D.
1532 1204 1739 1239 Wolpfgangus
1753 1206 1825 1233 Khe-

477 1247 565 1281 finger
583 1246 617 1274 de
630 1246 836 1274 Walthaousen
855 1247 903 1279 cfr.
917 1256 943 1273 n.

171 1297 212 1324 11.
280 1297 328 1323 111.
341 1296 379 1323 id.
428 1293 684 1326 Perchtoldus
700 1295 741 1326 fr.
757 1306 787 1326 n.
826 1294 1048 1326 Friderious
1064 1295 1158 1336 pleb.
1177 1294 1221 1326 de
1238 1294 1488 1336 Chemnaten,
1512 1295 1657 1327 oblatio
1679 1296 1712 1338 ¹j2
1727 1297 1826 1335 tale.

481 1345 677 1388 [Ernestus
697 1347 775 1389 pbr.
793 1347 837 1379 (18
854 1347 1184 1379 Ohremsmunster
1201 1349 1238 1378 81
1254 1346 1317 1377 cfr.
1335 1358 1365 1378 n.
1404 1347 1559 1379 Hierslo
1576 1347 1654 1389 pbr.
1672 1348 1715 1380 (18
1731 1349 1826 1381 Her-

480 1408 707 1440 zogwuerga
735 1401 772 1430 81
801 1398 866 1430 cfr.
889 1397 933 1441 n.]
983 1398 1023 1430 D.
1041 1397 1231 1429 Leonardus
1259 1398 1335 1429 olim
1364 1401 1556 1440 cooperator
1585 1399 1765 1431 divinorum
1794 1400 1827 1431 in

481 1448 693 1492 Ohappellen,
710 1450 766 1482 cfr.
778 1461 809 1482 n.
843 1450 896 1481 Fr.
910 1450 1092 1492 Stephanus
1108 1460 1171 1481 sac.
1186 1453 1219 1481 81
1233 1460 1275 1481 m.
1290 1449 1331 1480 (18
1343 1449 1484 1490 Meffico,
1502 1450 1557 1482 cfr.
1571 1461 1600 1482 n.
1635 1451 1675 1483 D.
1687 1451 1827 1483 Michael

479 1500 597 1542 Iaeger
613 1501 653 1533 (18
666 1501 881 1533 Walthausen
899 1504 932 1533 81
947 1501 1003 1533 cfr.
1019 1512 1050 1532 n.
1088 1500 1202 1532 Hanns
1218 1500 1370 1532 Seleman
1387 1502 1445 1532 civ.
1458 1501 1691 1543 Yppolitensis‚
1716 1502 1771 1534 cfr.
1784 1514 1826 1543 n.,

481 1553 536 1594 qui
562 1555 698 1585 testatus
727 1556 776 1585 est
803 1554 974 1585 conventui
1002 1557 1037 1584 n⁰
1059 1563 1157 1584 unum
1184 1552 1340 1594 picarium
1369 1555 1559 1594 argenteum
1590 1553 1631 1585 ab
1658 1554 1741 1585 intra
1769 1554 1826 1586 de-

480 1606 638 1636 auratum.

170 1662 212 1689 12.
294 1661 328 1688 ΙΙ.
341 1661 378 1688 id.
426 1658 641 1691 Eberbinus
668 1660 846 1702 subdyac.
868 1663 906 1692 81
934 1661 975 1692 fr.
995 1662 1034 1692 n?
1076 1658 1252 1691 Alhaidis
1280 1659 1533 1702 Svenerinna,
1564 1661 1710 1692 oblatio
1741 1663 1785 1693 60
1803 1667 1826 1699 ᾧ.

482 1709 658 1753 [Georius
674 1712 752 1754 pbr.
770 1712 1027 1752 Secoviensis,
1048 1711 1112 1743 cfr.
1128 1722 1159 1742 n.
1198 1711 1412 1743 Leutoldus
1428 1712 1606 1754 Tanpech
1622 1712 1700 1754 pbr.
1715 1712 1827 1745 Vara-

481 1764 618 1794 wensis
642 1766 679 1795 81
701 1764 764 1795 cfr.
782 1774 811 1795 n.
857 1763 991 1795 Petrus
1014 1774 1085 1795 sao.
1104 1766 1141 1794 81
1163 1773 1205 1794 m.
1223 1762 1267 1794 (18
1288 1763 1690 1806 Paeungartenperig,
1716 1765 1779 1796 cfr.
1796 1776 1826 1797 n.

481 1813 691 1855 Sighardus
714 1815 758 1847 (18
776 1814 816 1847 S⁰
833 1815 1014 1847 Floriano
1038 1814 1116 1856 pbr.
1135 1818 1172 1846 81
1195 1814 1258 1845 cfr.
1276 1813 1319 1857 n.]
1357 1815 1508 1846 Andreas
1528 1815 1597 1847 dec.
1616 1815 1656 1847 de
1673 1816 1827 1848 Pethers-

479 1865 598 1907 gadem
606 1865 645 1908 ἃ),
666 1867 735 1908 pbr.
753 1869 786 1898 81
809 1866 863 1898 cfr.
881 1878 911 1898 11.
949 1866 1105 1898 Martinus
1126 1876 1167 1897 m.
1186 1866 1226 1897 de
1244 1865 1281 1897 8²
1293 1866 1407 1906 Cruoe,
1430 1866 1500 1908 pbr.
1519 1869 1551 1898 81
1567 1867 1622 1898 cfr.
1639 1878 1669 1898 n.
1708 1868 1827 1899 Iohan-

481 1927 539 1948 nes
554 1917 623 1958 pbr.
637 1921 669 1949 81
680 1928 722 1950 m.
736 1918 777 1950 de
787 1918 930 1959 Mellico‚
947 1917 1003 1949 cfr.
1013 1929 1044 1949 n.
1079 1923 1112 1949 D.
1122 1922 1228 1949 Luecas
1240 1922 1369 1949 318811181-
1380 1923 1615 1958 Duceburgensis,
1628 1923 1690 1958 pbr.
1701 1925 1730 1951 81
1739 1925 1789 1951 cfr.
1798 1934 1826 1951 n.

482 1967 514 1995 D.
528 1968 663 1995 Iohannes
682 1969 846 1996 Huschauer
863 1969 939 2003 pleb.
953 1969 981 1995 in
1001 1969 1081 2001 Recz,
1100 1969 1191 1995 senior
1208 1969 1236 1995 ni
1254 1969 1337 1995 monii
1355 1969 1416 2003 pbr.
1429 1970 1458 1996 81
1477 1969 1510 1996 fr.
1523 1978 1559 2003 n.‚
1578 1978 1603 1996 a.
1617 1970 1642 1996 d.
1656 1970 1732 1997 1528.

173 2016 215 2044 13.
341 2018 380 2046 id.
429 2014 652 2048 Wichardus
673 2027 768 2058 puer
791 2019 828 2048 81
850 2017 892 2048 fr.
909 2028 940 2048 n.
986 2016 1208 2049 Ohunradus
1231 2016 1308 2058 pbr.
1327 2019 1364 2048 81
1386 2017 1476 2048 fr.‘n.
1522 2016 1672 2059 Rapoto
1695 2018 1773 2059 pbr.
1792 2021 1829 2050 81

483 2067 524 2098 fr.
541 2079 572 2099 n.
623 2067 882 2110 Engelbertus
909 2079 1034 2110 cocus,
1066 2068 1211 2100 oblatio
1235 2070 1279 2100 60
1297 2073 1321 2106 0).
1371 2068 1576 2100 Heinricus
1601 2068 1733 2110 Uetzo,
1766 2069 1828 2101 ob·

483 2119 577 2151 latio
604 2123 617 2150 1
637 2119 699 2151 tal.
716 2124 739 2157 a).
782 2119 1014 2162 [Margareta
1038 2124 1098 2151 ον’
1122 2119 1166 2151 (18
1187 2119 1348 2151 Seoovia
1372 2130 1515 2152 consor.
1532 2131 1562 2151 n.
1608 2120 1829 2161 Margareta

482 2181 539 2202 ux.
554 2171 759 2203 Tuersonis
776 2171 820 2203 (18
833 2171 1066 2213 Tirnstain.²)
1075 2170 1114 2214 ⁴)]
1151 2171 1263 2213 Agnes
1279 2171 1358 2202 smlf*³
1374 2171 1413 2204 de
1426 2171 1644 2213 Newnburga‚
1662 2182 1784 2204 consor.
1797 2183 1828 2204 n.

483 2221 645 2254 Iohannes
664 2223 861 2255 Rasenawer
883 2223 903 2254 l.
921 2226 954 2255 81
973 2223 1029 2254 cfr.
1046 2234 1076 2254 n.
1096 2224 1187 2254 1462.
1229 2223 1271 2254 D.
1286 2223 1487 2264 Augustinus
1507 2222 1602 2254 Hoffl
1623 2226 1656 2255 81
1678 2234 1719 2255 m.
1737 2223 1829 2266 (in)¹)

483 2273 583 2305 mon¹⁰
598 2274 629 2306 b.
642 2274 744 2306 Marie
760 2275 892 2316 virginis
910 2275 943 2305 in
955 2274 1023 2306 Ror
1040 2277 1072 2306 81
1088 2274 1143 2306 cfr.
1156 2286 1186 2305 n.
1225 2274 1265 2306 D.
1276 2274 1440 2306 Miohahel
1455 2274 1562 2306 senior
1578 2275 1619 2306 de
1633 2274 1742 2307 Suben
1757 2275 1828 2317 pbr.

485 2328 518 2356 81
533 2325 589 2357 cfr.
606 2337 636 2357 n.
681 2325 734 2357 Fr.
751 2326 914 2368 Nycolaus
932 2325 1002 2367 pbr.
1020 2325 1061 2357 (18
1078 2325 1115 2358 Sa
1127 2325 1240 2365 Oruce,
1264 2326 1319 2357 cfr.
1336 2337 1366 2358 n.
1413 2325 1566 2358 Nicolaus
1583 2326 1686 2358 dictus
1701 2327 1829 2358 Fuechs

485 2376 525 2408 de
538 2376 762 2409 Waldhausen
777 2377 846 2419 pbr.
865 2380 897 2409 et
913 2377 968 2410 cfr.
980 2388 1011 2409 n.
1047 2377 1223 2419 Sighardus
1240 2377 1343 2409 dictus
1354 2378 1559 2410 Lemsniczer
1575 2378 1644 2409 deo.
1658 2378 1689 2409 in
1703 2377 1828 2420 8181182,

483 2427 554 2469 pbr.
571 2431 604 2459 et
627 2428 682 2460 cfr.
699 2439 729 2461 n.
774 2429 814 2460 D.
831 2429 994 2460 Iohannes
1010 2428 1134 2460 Puentz
1154 2428 1224 2470 pbr.
1242 2432 1275 2460 81
1297 2429 1334 2460 fr.
1351 2440 1381 2460 n.
1398 2428 1522 2471 (14)92.
1567 2428 1764 2470 Magdalena
1788 2429 1829 2461 de

280 2555 303 2588 ε1)
322 2555 380 2582 Hoc
397 2565 489 2583 'nomen
507 2566 589 2591 supra
606 2559 689 2584 locum
706 2568 795 2584 rasum
813 2559 943 2592 scriptam.
1048 2559 1073 2591 b)
1094 2559 1206 2592 θον-ψη·
1230 2560 1370 2585 Gotfridus.
1476 2558 1499 2591 ὓ)
1519 2558 1640 2590 Sequitur
1658 2567 1699 2584 ma
1717 2567 1828 2584 eramm.

177 2595 202 2629 d)
222 2597 333 2631 Cor-riq*
355 2600 591 2634 Perchtersgadem.
694 2602 718 2635 θ)
737 2602 794 2628 Hoc
811 2611 904 2628 nomen.
922 2603 1011 2628 litteris
1029 2603 1116 2628 rubrio
1134 2603 1264 2635 scriptum.
1302 2602 1403 2627 Deinde
1421 2602 1533 2634 sequitur
1552 2609 1668 2627 erasum:
1692 2610 1742 2634 que
1760 2602 1830 2627 dedit

176 2641 251 2667 nobis
271 2643 302 2667 10
314 2642 360 2667 tal.
375 2643 508 2669 annuatim
526 2645 671 2678 recipienda
687 2646 718 2671 (18
735 2646 832 2671 tributo
850 2646 876 2670 in
895 2647 982 2679 Stayn.
1086 2645 1106 2678 ί)
1124 2645 1255 2678 Supplevi.

283 2722 303 2755 ¹)
322 2722 384 2749 Iam
401 2726 464 2750 ante
480 2732 506 2751 a.
519 2727 585 2752 1347
597 2725 740 2760 defunctus
757 2728 803 2753 est.
892 2727 912 2759 ²)
932 2725 1051 2760 Stephon
1063 2726 1095 2759 1.,
1114 2726 1154 2753 ob.
1166 2734 1191 2753 α.
1205 2729 1278 2753 1398.
1367 2726 1388 2759 ⁸)
1409 2725 1589 2752 Colomannus
1602 2725 1641 2752 11.
1655 2728 1829 2758 1377-1392,

175 2770 228 2796 quo
245 2772 320 2791 anno
333 2765 520 2798 praelaturam
537 2768 688 2802 resignavit.
795 2770 816 2802 ⁴)
835 2768 1022 2802 Marqztarclus
1040 2768 1071 2795 de
1083 2769 1234 2795 Dav-ustam
1252 2778 1277 2795 α.
1292 2771 1354 2796 1379
1368 2776 1421 2803 pro
1444 2769 1562 2795 Tursone
1576 2774 1610 2803 pe
1628 2771 1652 2795 et
1670 2769 1831 2803 Margareta

177 2812 229 2832 mre
247 2806 380 2840 defunctis
397 2810 487 2836 anniv.
501 2810 637 2843 fundavit.

1571 2863 1623 2890 60*
