2150 3178
390 823 951 885 NEGROLOGIA
996 826 1606 886 MELLICENSIA.

274 971 486 1017 Mnasterii
508 982 710 1020 Mellieensis,
738 982 792 1013 cui
812 981 902 1022 vulqo
925 982 1014 1014 Mello
1035 993 1147 1014 nomen
1169 986 1223 1021 est,
1250 994 1321 1015 cum
1344 984 1386 1015 sit
1408 995 1508 1016 unum
1530 995 1569 1015 ex
1591 984 1826 1024 antiquissimis

170 1036 324 1067 Austriae
339 1034 511 1073 Inferioris
526 1034 686 1072 coenobiis,
709 1034 787 1073 quia
809 1034 878 1065 eius
886 1034 1068 1074 primordia
1086 1045 1142 1066 eeu
1158 1035 1291 1074 capituli
1306 1035 1467 1076 colleqiati,
1490 1036 1574 1075 quod
1588 1046 1609 1066 a
1624 1035 1779 1075 Leopoldo
1794 1036 1824 1068 Ι.

169 1087 348 1119 marchione
363 1086 518 1118 Austriae
540 1096 579 1117 ex
600 1085 721 1117 illustri
735 1085 1042 1125 Babenberyensium
1057 1086 1155 1127 stirpe
1173 1087 1307 1118 oriundo
1322 1087 1495 1126 fundatum
1511 1098 1574 1118 esse
1589 1088 1702 1125 fertur,
1726 1098 1826 1127 usque

170 1139 214 1171 ad
235 1150 265 1170 a.
282 1138 344 1170 985
367 1138 554 1176 ascendunt,
582 1138 727 1178 quamvis
748 1148 778 1169 a.
796 1138 880 1168 1089
903 1138 1026 1169 demum
1048 1138 1123 1169 ordo
1145 1139 1241 1170 iuxta
1262 1138 1404 1179 requlam
1426 1149 1451 1170 s.
1468 1139 1635 1170 Benedicti
1656 1149 1695 1170 ex
1717 1149 1825 1171 mona-

170 1191 265 1222 sterio
280 1189 487 1222 Lambacensi
507 1189 707 1221 introductus
729 1190 780 1227 sit,
802 1189 1012 1229 necroloyium
1034 1190 1294 1229 antiquissimum
1316 1193 1409 1230 atque
1424 1190 1557 1222 alterius
1571 1190 1738 1231 necroloqii
1759 1191 1826 1229 fere

171 1242 274 1274 coaevi
295 1242 474 1281 sraqmenta
496 1240 586 1272 hodie
607 1243 786 1280 supersunt.
835 1241 884 1279 Cf.
900 1241 1006 1272 Neues
1028 1241 1148 1272 Archiv
1169 1241 1310 1279 XXXV,
1326 1243 1388 1272 749
1400 1253 1463 1282 sqq.

275 1307 304 1336 1.
332 1304 550 1345 Neeroloyium
573 1305 840 1345 antiquissimum,
864 1306 948 1346 quod
963 1305 1159 1337 bibliothecae
1175 1305 1369 1337 Mellieensis
1384 1306 1478 1338 codem
1493 1307 1557 1337 486
1572 1306 1826 1338 membranaceus

171 1356 265 1388 iuxta
280 1356 412 1388 annales
427 1356 625 1388 Mellicenses
644 1357 680 1388 in
694 1356 782 1396 foliis
797 1357 815 1388 1
824 1357 928 1388 b—27
933 1367 954 1388 a
969 1358 1115 1395 continet,
1138 1368 1168 1388 a.
1186 1358 1310 1388 circiter
1326 1359 1445 1388 1140—
1456 1358 1542 1388 1143
1556 1358 1653 1389 scribi
1667 1358 1825 1397 inceptum

171 1410 200 1440 et
223 1418 322 1448 usque
343 1408 387 1439 ad
408 1417 487 1440 saec.
505 1410 556 1439 16.
578 1409 679 1440 variis
702 1408 907 1440 librariorum
929 1409 1076 1440 manibus
1098 1411 1222 1448 excepto
1249 1419 1294 1447 eo,
1325 1409 1408 1449 quod
1436 1419 1515 1440 saec.
1533 1410 1582 1441 15.
1599 1412 1691 1441 notae
1719 1419 1826 1440 necro-

171 1459 287 1500 loyieae
308 1470 444 1499 prorsus
472 1460 702 1499 desiderantur,
732 1461 953 1492 continuatum
975 1463 1029 1492 est.
1078 1460 1156 1492 Cum
1179 1463 1284 1492 autem
1306 1463 1397 1492 notae
1419 1461 1560 1492 auctoris
1582 1463 1684 1492 aetate
1699 1461 1827 1500 priores

171 1510 342 1543 nonnullae
363 1511 578 1550 inveniantur,
606 1514 764 1544 auctorem
788 1505 966 1552 antiquiore
993 1522 1031 1543 ex
1053 1512 1232 1553 neeroloyio,
1263 1512 1347 1551 quod
1368 1512 1431 1543 sive
1454 1511 1635 1543 calendario
1657 1512 1720 1543 sive
1742 1523 1826 1543 mar-

171 1562 318 1603 tyroloqio
351 1562 451 1594 alicui
481 1573 568 1594 nunc
600 1565 716 1595 amisso
747 1564 927 1603 appositum
958 1564 1069 1602 fuerit,
1104 1563 1195 1595 hasce
1223 1563 1449 1604 deprompsisse
1479 1574 1596 1603 suoque
1626 1564 1711 1603 operi
1739 1574 1826 1595 nunc

171 1615 335 1654 superstiti
356 1614 528 1646 inseruisse
550 1618 667 1647 eertum
689 1626 754 1647 esse
775 1615 874 1647 credo.
919 1615 1139 1655 Neeroloqium
1161 1615 1217 1646 hoc
1236 1615 1362 1654 primus
1377 1626 1403 1645 v.
1421 1615 1458 1646 cl.
1477 1615 1517 1646 P.
1534 1615 1749 1655 Hieronymus
1763 1614 1827 1647 Pee

171 1666 343 1698 monachus
365 1665 558 1698 Mellicensis
581 1666 770 1707 (Scriptores
791 1677 899 1698 rerum
920 1667 1170 1698 Austriacarum
1193 1666 1221 1703 1,
1237 1667 1300 1696 304
1312 1676 1375 1705 sqq.
1374 1666 1402 1706 )‚
1426 1666 1461 1696 in
1479 1665 1642 1706 publicum
1665 1666 1772 1697 edidit.

274 1732 305 1762 2.
336 1730 513 1770 Necroloqii
539 1730 672 1762 alterius
694 1741 795 1771 paene
826 1731 930 1762 coaevi
958 1741 989 1762 a.
1010 1731 1134 1762 circiter
1158 1730 1241 1760 1160
1268 1730 1364 1761 scribi
1391 1730 1502 1769 coepti,
1535 1730 1628 1761 cuius
1647 1730 1827 1770 fragmenta

173 1782 418 1820 membranacea,
441 1783 462 1812 4
475 1781 556 1821 folia
578 1782 613 1813 in
632 1782 821 1820 bibliotheca,
844 1792 882 1813 ac
898 1782 919 1813 3
929 1781 1015 1824 folia
1030 1792 1051 1812 a
1067 1781 1251 1822 tequmentis
1265 1780 1404 1812 resoluta
1426 1781 1462 1812 in
1478 1781 1635 1813 tabulario
1650 1781 1828 1813 Mellicensi

171 1835 385 1872 asservantur,
408 1836 500 1865 notas
522 1834 663 1865 auctoris
677 1844 776 1865 manu
792 1834 966 1874 descriptas
988 1844 1027 1865 ex
1042 1833 1146 1865 eodem
1160 1833 1339 1872 antiquiore
1354 1832 1535 1873 necrologio,
1558 1843 1597 1864 eoe
1611 1842 1672 1872 quo
1685 1833 1826 1872 primum

172 1884 324 1916 haustum
351 1893 415 1916 esse
441 1895 560 1922 censeo,
590 1885 788 1925 depromptas
816 1895 879 1916 esse
899 1885 1046 1924 proxime
1067 1885 1111 1916 ad
1132 1895 1239 1916 verum
1261 1884 1394 1922 aceedit,
1424 1885 1482 1915 etsi
1504 1885 1540 1915 in
1556 1884 1699 1923 primum
1721 1895 1827 1916 necro—

171 1936 287 1976 loqium
307 1946 435 1976 paucas
464 1938 589 1968 tantum
615 1939 707 1968 notas
728 1937 854 1976 priores
876 1936 1051 1968 translatas
1073 1947 1137 1967 esse
1159 1936 1268 1976 neqari
1290 1946 1354 1967 non
1369 1938 1486 1975 potest,
1517 1936 1552 1966 in
1575 1935 1708 1967 alterum
1731 1936 1826 1967 multo

165 1988 292 2028 plures,·
314 1988 399 2028 quod
419 1998 498 2028 opus
519 1999 617 2029 usque
640 1989 684 2020 ad
704 1999 784 2020 saec.
802 1990 852 2020 13.
869 1989 988 2020 exitum
1011 1989 1178 2020 deductum
1201 1991 1254 2020 est.

274 2048 477 2088 Fragmenta,
500 2058 580 2088 quae
598 2048 633 2080 in
648 2048 807 2080 tabulario
822 2051 1036 2086 asservantur,
1060 2049 1125 2079 iam
1140 2059 1161 2079 a
1175 2049 1243 2079 viro
1259 2048 1407 2079 memoria
1423 2047 1517 2087 diqno
1534 2046 1571 2077 P.
1588 2047 1715 2086 anatio
1730 2047 1827 2078 Keib-

171 2099 271 2140 linyer
299 2099 498 2140 (Geschichte
527 2100 580 2131 des
608 2100 941 2138 Benedilctinerstiftes
967 2100 1058 2131 Mello
1085 2100 1118 2137 I,
1143 2110 1179 2139 p.
1202 2099 1444 2141 1160-1163),
1475 2108 1554 2138 quae
1583 2098 1619 2129 in
1647 2097 1828 2130 bibliotheca

172 2151 310 2191 reposita
332 2154 416 2189 sunt,
447 2161 467 2182 a
489 2152 556 2183 viro
579 2151 677 2190 claro,
705 2152 826 2183 doctore
847 2151 886 2182 P.
906 2150 1036 2183 Odilone
1058 2150 1175 2182 Holeer
1197 2150 1275 2193 (Die
1295 2149 1553 2190 yeschiehtliehen
1575 2149 1829 2189 Handschriften

172 2202 227 2234 der
240 2202 364 2234 Melher
376 2202 565 2235 Bibliotheh.
604 2203 839 2235 Jahresbericht
854 2203 907 2234 des
922 2202 1045 2234 Melleer
1063 2202 1291 2243 Gymnasiums
1303 2201 1438 2233 XXXX
1446 2202 1496 2232 VI
1504 2202 1628 2242 (1896),
1637 2211 1672 2240 p.
1685 2201 1826 2242 50-53)

171 2253 299 2294 vulqata
322 2256 407 2286 sunt.

276 2314 387 2345 Huius
415 2315 551 2346 coenobii
580 2325 649 2347 cum
675 2315 743 2346 alia
769 2315 863 2347 medii
893 2315 962 2346 aevi
989 2314 1166 2354 necrologia
1193 2313 1329 2353 reperire
1359 2313 1563 2353 nequiverim,
1595 2322 1632 2344 ea
1661 2312 1828 2351 deperiisse

173 2376 287 2397 censeo,
343 2365 385 2398 Ut
415 2368 481 2397 tam
508 2366 713 2398 librariorum
739 2377 866 2404 manus,
900 2376 995 2406 quam
1025 2375 1131 2397 eorum
1158 2367 1291 2396 aetatem
1321 2365 1355 2395 in
1380 2364 1551 2404 necrologio
1579 2374 1616 2395 ac
1642 2363 1829 2403 fraqmentis

172 2419 321 2451 accurate
336 2417 550 2456 discernerem,
565 2420 658 2450 notas
673 2419 814 2450 auctoris
828 2428 928 2449 manu
942 2427 1022 2448 saec.
1038 2417 1089 2448 12.
1107 2417 1279 2456 inscriptas
1295 2416 1409 2447 litteris
1423 2415 1597 2447 maioribus
1612 2415 1709 2446 latius
1724 2415 1828 2454 dispo-

172 2468 253 2506 sitis,
275 2471 368 2500 notas
382 2479 462 2500 saec.
477 2470 528 2501 12.
545 2469 684 2510 reliquas
700 2470 814 2501 litteris
829 2469 1003 2501 maioribus
1018 2468 1117 2500 latius
1132 2468 1293 2508 dispositis
1308 2467 1399 2498 uncis
1415 2466 1554 2505 inclusis,
1577 2468 1669 2498 notas
1683 2476 1763 2497 saec.
1775 2466 1826 2497 13.

173 2519 286 2551 litteris
302 2520 483 2559 maioribus,
503 2521 755 2553 continuationes
769 2531 848 2552 sace.
862 2522 911 2551 14.
930 2520 1046 2551 litteris
1060 2519 1235 2550 maioribus
1249 2519 1342 2550 uncis
1357 2517 1497 2556 inclusis,
1513 2520 1665 2557 notasque
1679 2527 1758 2548 saec.
1776 2518 1826 2548 16.

173 2570 288 2602 litteris
309 2571 444 2603 minutis
465 2572 707 2612 distinguendas
728 2573 848 2604 curavi.

278 2630 411 2664 Silentio
434 2632 635 2665 dissimulare
657 2643 720 2665 non
743 2633 822 2671 licet,
845 2643 893 2664 me
915 2631 1100 2664 Alemandro
1115 2630 1209 2667 Karl,
1233 2630 1339 2661 abbati
1353 2629 1532 2660 Blellicensi
1553 2629 1719 2660 memoriae
1741 2639 1828 2661 vene-

174 2683 295 2721 rabilis,
318 2693 355 2715 ac
377 2683 455 2715 viris
477 2685 590 2724 optime
609 2686 739 2723 meritis,
762 2685 881 2716 doctori
896 2683 934 2715 P.
953 2682 1093 2721 Rudolfo
1109 2681 1320 2721 Sehachinqer
1340 2680 1538 2712 bibliothecae
1556 2680 1680 2712 custodi
1694 2680 1828 2712 doctori-

173 2745 233 2774 que
261 2734 299 2766 P.
319 2734 474 2767 Eduardo
501 2736 725 2768 Katschthaler
751 2735 906 2767 tabularii
931 2734 1053 2766 custodi
1084 2743 1131 2771 eo,
1162 2732 1245 2772 quod
1272 2742 1349 2772 opus
1375 2742 1477 2763 meum
1507 2731 1631 2762 Mellici
1656 2731 1830 2771 impensius

172 2786 371 2824 adiuverunt,
394 2786 527 2819 multum
551 2788 664 2820 debere.
