2150 3178
686 181 953 208 NEOROLOGIUM
971 181 1308 209 MARIAECELLENSE.
1768 185 1827 214 143

168 273 212 302 26.
274 269 635 301 V11.kal.Otakarus
664 269 730 310 pie
759 268 951 300 memorie
980 278 1052 299 rex
1078 267 1305 310 Bohemie.¹)
1358 268 1590 310 Lewpoldus
1614 268 1633 299 l.
1680 267 1829 310 [Symon

480 320 557 362 pbr.
582 320 629 352 de
652 318 888 362 Newburga]
934 319 978 351 Fr
981 343 1145 350 ......
1148 320 1175 361 ³²)
1200 330 1265 351 aec.
1283 331 1313 351 n.
1331 331 1357 352 o.
1376 320 1457 362 prof:

168 376 210 404 27.
290 377 336 404 VI.
348 377 404 403 kal.
428 371 616 412 Ortolfus,
640 371 880 411 Ghunradus‚
904 371 937 411 1¹,
961 374 993 403 8(
1009 370 1191 402 Fridericus
1207 371 1356 403 Pisoholf
1368 372 1600 413 prebendarius
1616 382 1656 411 n.‚
1678 371 1830 403 fundator

479 423 577 455 officii
599 424 640 455 de
663 433 798 464 corpore
819 422 938 454 Christi
962 423 1082 464 quintis
1105 422 1192 454 feriis
1216 425 1249 454 et
1271 423 1367 454 misse
1393 422 1434 454 ad
1451 423 1482 454 S.
1496 424 1635 464 Annam⁷
1660 423 1713 464 qui
1736 423 1830 454 nobis

478 475 578 506 multa
606 474 691 506 bona
719 475 896 516 eontulit.²)
948 479 1109 513 Stephanus
1133 478 1256 505 subdiac.
1279 479 1314 506 (18
1337 479 1489 514 Neuburga
1513 479 1673 506 claustrali.
1726 480 1770 507 Fr.
1788 480 1829 506 Ιο-

479 525 583 553 hannes
602 525 844 560 Eekticompmus
862 525 940 559 prior
958 525 1124 552 Melieensis.

168 573 211 602 28.
299 574 333 601 V.
346 574 403 601 kal.
427 570 546 601 Iewta
568 570 608 600 1⁸.
655 574 792 601 lohannes
815 573 878 608 pbr.
896 575 925 600 8(
947 583 984 600 m.
1001 573 1036 600 de
1058 573 1211 608 Neuburga
1227 573 1388 600 claustrali.
1434 574 1477 601 Fr.
1491 574 1698 609 Wollffgaugus
1722 574 1783 608 pbr.
1801 576 1830 601 8(

478 629 514 647 m.
527 620 561 647 de
579 620 604 647 S.
617 620 711 647 Cruce.
749 620 792 646 Fr.
807 619 954 646 Udalricus
972 628 1006 647 ex
1027 619 1224 647 Neunkirehen
1243 620 1328 653 acab)
1342 621 1371 647 8(
1389 629 1425 647 m.
1438 629 1464 646 n.
1479 629 1501 646 c.

167 668 211 696 29.
286 669 334 696 IV.
347 669 405 696 kal.
429 664 579 695 Ulricus
609 663 690 695 abb.
747 663 937 695 Rudolfus
967 664 988 694 l.
1046 663 1214 695 Tiburcius
1246 663 1315 705 pbr.
1344 664 1384 695 de
1416 663 1615 705 Neunburga
1648 663 1829 697 claustrali.

477 716 685 747 Laureneius.
732 715 881 746 Andreas
905 726 952 747 ov.
969 716 1000 746 in
1025 714 1195 746 Gottwico.

167 773 209 799 30.
286 772 403 800 HLkal.
427 767 604 810 Syfridus
626 778 669 798 m.
714 767 919 807 Iohannes,
949 766 1114 808 Offmya,
1143 767 1176 799 li.
1223 767 1343 808 [Anna
1366 767 1561 798 Draeokiu
1586 766 1631 798 de
1648 766 1829 808 Wienna.l

478 819 695 860 wolfgangus
719 817 975 860 Siegmietlener.
1022 818 1159 850 Iacobus
1182 818 1251 860 pbr.
1270 819 1351 860 prof.
1368 819 1399 850 in
1423 818 1612 860 Neuburga.

166 876 210 904 31.
303 877 337 903 11.
349 876 406 903 kal.
429 870 592 902 Ulrious
623 870 643 901 l.
700 870 889 902 Leonardus
920 870 940 901 l.
996 870 1049 901 Fr.
1074 869 1291 912 WVolfgangus
1326 870 1416 912 dyae.
1446 870 1487 902 de
1522 870 1646 911 Campo
1680 869 1830 901 liliorum.

480 922 618 949 Iohannes
637 930 693 948 ace.
707 921 741 948 de
760 921 914 954 Neuburga.
933 921 1115 954 C(laustrali).

835 1045 1103 1081 SEPTEMBE
1111 1045 1156 1080 R.

185 1125 209 1152 1.
352 1125 408 1152 kal.
431 1120 490 1152 Ibi
515 1121 644 1162 agitur
666 1121 786 1151 anniv.
804 1120 848 1152 de
872 1119 1125 1160 infirmariaf‘)
1172 1119 1266 1151 Otto
1291 1129 1332 1150 m.
1350 1129 1379 1150 n.
1397 1129 1424 1151 c.
1470 1118 1674 1161 Gerungus
1698 1129 1831 1151 cv.n.c.

479 1171 551 1203 Nic
561 1172 677 1203 olaus
697 1183 717 1213 p
728 1171 778 1203 br.
795 1183 826 1203 n.
840 1182 867 1202 c·
905 1171 958 1203 Fr.
972 1171 1134 1212 Georgius
1150 1171 1220 1212 pbr.
1238 1174 1271 1202 et
1286 1181 1328 1202 m.
1342 1181 1371 1201 n.
1387 1181 1413 1201 Ο.
1456 1175 1500 1201 Fr.
1513 1176 1633 1202 loannes
1650 1175 1831 1207 sacristanus,

479 1223 540 1257 pbr.
553 1225 582 1250 8(
600 1232 636 1250 m.
650 1223 683 1249 de
702 1223 728 1249 S.
743 1222 838 1250 Cruoe.

182 1274 208 1301 2.
279 1273 404 1300 1V.non.
428 1266 686 1298 Wernhardus
709 1277 762 1298 ov.
808 1266 848 1298 D.
866 1266 1005 1298 Iacobus
1021 1266 1139 1298 Czerer
1162 1266 1203 1297 de
1226 1264 1328 1297 Grcecz
1352 1265 1433 1307 pbr„
1457 1265 1494 1297 fr.
1512 1265 1588 1307 n.‘³);
1611 1266 1672 1297 iste
1697 1268 1832 1297 testatus

480 1322 530 1350 est
552 1318 644 1350 nobis
668 1320 686 1350 3
710 1318 811 1349 bonas
831 1323 871 1349 w.
917 1318 954 1349 P.
971 1317 1120 1349 Andreas
1144 1317 1293 1359 subprior
1316 1317 1356 1349 de
1380 1316 1412 1348 S.
1430 1316 1543 1349 Cruce.

183 1375 210 1403 3.
280 1375 407 1402 111.nou.
431 1370 597 1402 Iacobus
621 1369 799 1411 subdyao.
817 1381 845 1401 n.
863 1380 888 1400 8.
934 1369 1127 1411 Alhaydis
1150 1369 1189 1400 1⁸.
1235 1369 1454 1400 waltherus
1476 1369 1496 1400 l.
1543 1368 1670 1410 Engel
1694 1369 1714 1399 l.
1739 1372 1772 1400 et
1795 1368 1832 1400 fr.

482 1421 623 1453 Michael
646 1421 715 1463 pbr.
734 1425 766 1452 et
790 1432 831 1452 m.
850 1421 889 1453 de
913 1421 1042 1452 Melino.
1089 1426 1134 1452 Fr.
1152 1425 1348 1460 Sigismundus
1370 1425 1450 1460 dyac.
1466 1425 1500 1452 de
1523 1425 1550 1451 S.
1567 1424 1663 1452 Cruce.

183 1483 211 1511 4.
293 1483 327 1510 11.
341 1491 408 1510 non.
432 1477 490 1509 Fr.
508 1477 712 1509 Iohannes
736 1478 873 1509 senior
894 1488 925 1508 n.
943 1487 969 1508 8.
987 1480 1021 1509 8(
1041 1477 1079 1508 fr.
1096 1476 1304 1508 willibaldus
1326 1476 1396 1518 pbr.
1414 1479 1447 1508 et
1469 1487 1510 1507 m.
1529 1476 1568 1507 de
1585 1475 1736 1510 Eustorff.
1781 1476 1833 1508 Fr.

482 1529 639 1560 Martinus
663 1528 704 1560 de
728 1528 842 1560 Sentis.
888 1528 940 1560 Fr.
958 1528 1141 1560 Anthonius
1165 1527 1255 1569 dyac.
1274 1528 1314 1559 de
1339 1527 1510 1559 Gottwioo.

185 1591 212 1618 5.
343 1599 409 1617 non.
433 1584 665 1626 Willibirgis
689 1585 728 1616 1⁸.
781 1584 958 1617 Soolastica
985 1588 1018 1616 et
1041 1583 1156 1625 Otilia,
1186 1589 1264 1615 sorffl'
1288 1584 1328 1615 de
1352 1584 1540 1625 Neuburga.
1588 1583 1675 1626 Mag.
1693 1584 1833 1616 Miehael

482 1636 728 1668 Maenestarffer
752 1636 865 1670 doctor
888 1637 919 1667 in
943 1636 1124 1674 medicinis,
1156 1636 1212 1667 cfr.
1230 1646 1259 1666 n.
1310 1641 1353 1667 Fr.
1369 1640 1580 1667 Bernnardinus
1603 1640 1665 1674 pbr.
1689 1642 1718 1667 et
1741 1650 1777 1667 m.
1799 1641 1833 1668 de

483 1687 509 1714 S.
523 1687 616 1714 Cruce.

186 1742 212 1770 6.
262 1741 335 1767 VIII.
347 1740 384 1767 id.
432 1735 651 1768 Melthildis
674 1735 711 1767 1¹.
759 1735 919 1777 Georgius
946 1735 1015 1776 pbr.
1040 1735 1080 1767 de
1104 1735 1295 1776 Tyrnstayn.
1340 1734 1392 1766 Fr.
1410 1735 1550 1766 Michael
1577 1735 1646 1777 pbr.
1670 1738 1703 1767 et
1725 1746 1766 1766 m.
1792 1735 1832 1766 (18

480 1786 651 1819 Gottwico.
698 1792 732 1818 D.
750 1789 985 1827 Wollffg(ang)us
1008 1791 1070 1826 pbr.
1087 1792 1121 1818 de
1144 1791 1304 1826 Neuwurga
1326 1791 1418 1818 dictus
1441 1791 1596 1826 Bagramir.

186 1849 211 1876 7.
274 1849 335 1876 VII.
348 1848 386 1875 id.
431 1842 637 1874 Hainricus
660 1842 738 1884 pbr.
755 1846 793 1874 et
808 1853 851 1874 m.
866 1853 896 1874 n.
912 1853 938 1874 8.
983 1842 1270 1885 Regonwardus
1293 1842 1370 1884 pbr.
1409 1842 1615 1874 Hainricus
1637 1843 1720 1884 pbr.
1738 1847 1775 1875 et
1790 1854 1831 1875 m.

482 1905 511 1926 n.
529 1905 555 1926 c.
603 1894 641 1925 P.
657 1893 780 1926 Paulus
802 1895 910 1926 senior
932 1897 1030 1936 atque
1055 1894 1250 1935 cellerarius,
1273 1894 1343 1936 pbr.
1362 1897 1395 1925 et
1416 1904 1458 1926 m.
1474 1894 1507 1926 in
1523 1895 1651 1926 Melico.
1696 1900 1729 1927 D.
1745 1900 1833 1926 abbas

481 1945 515 1973 de
540 1945 630 1972 Sentis
648 1945 766 1973 Wienne
785 1946 876 1973 dictus
896 1945 1078 1977 Benedictus,
1103 1945 1174 1972 alias
1193 1945 1388 1978 Oelidonius.³)
1432 1945 1567 1972 Nic-olaus
1586 1945 1646 1979 pbr.
1666 1947 1695 1972 8(
1719 1955 1778 1973 ean.
1798 1947 1832 1973 (18

484 1988 509 2015 S.
524 1988 640 2023 Ypolito
660 1988 782 2023 Peysser.

186 2042 213 2070 8.
290 2042 336 2069 VI.
349 2041 387 2068 id.
434 2035 690 2068 Gotschalcus
714 2036 817 2078 dyac.
868 2035 1030 2080 [Ulricus
1052 2036 1209 2068 Plehler
1233 2036 1280 2068 de
1302 2036 1429 2068 Alath
1454 2036 1486 2079 1.]
1532 2036 1697 2068 Erhardus
1720 2048 1767 2069 ov.
1792 2037 1832 2069 (18

482 2087 515 2119 S.
530 2087 699 2120 Dorothea
711 2088 862 2128 Wienne,
887 2089 924 2119 fr.
942 2099 971 2120 n.
1018 2088 1179 2130 Georgius
1197 2088 1266 2130 pbr.
1285 2091 1319 2119 8(
1335 2099 1377 2119 m.
1395 2088 1435 2120 de
1452 2088 1580 2120 Melino.
1626 2088 1672 2120 D⁸
1687 2089 1833 2121 Barbara

481 2139 676 2171 conthoralis
706 2139 735 2171 di
757 2139 910 2172 Iohannis
938 2140 978 2172 (18
1006 2140 1208 2181 Hohenberg
1245 2150 1316 2171 cum
1346 2139 1471 2171 duobus
1498 2140 1606 2181 pueris
1635 2142 1726 2172 1482.
1779 2140 1831 2172 Fr.

482 2191 648 2222 Romanus
670 2202 712 2223 m.
731 2195 763 2223 et
786 2191 938 2233 subdyac.
955 2202 986 2223 n.
1001 2202 1027 2223 c.

183 2253 210 2280 9.
298 2253 332 2280 V.
346 2253 383 2280 id.
430 2247 638 2289 Pilgrimus
662 2247 781 2288 prior.
827 2247 1052 2279 Ghunradus
1076 2247 1153 2289 pbr.
1172 2250 1210 2278 et
1231 2257 1274 2278 m.
1290 2258 1320 2278 n.
1338 2257 1364 2279 c.
1409 2247 1449 2279 D.
1466 2247 1627 2279 Iohannes
1651 2247 1691 2279 (18
1715 2247 1833 2280 Suevia

480 2298 553 2331 abb.
570 2298 600 2330 h.
617 2298 692 2340 m.4)

173 2360 214 2388 10.
287 2359 334 2386 lV.
347 2359 383 2386 id.
433 2354 622 2387 Rudolfus
651 2354 732 2396 pbr.
757 2358 794 2386 8(
820 2365 862 2386 m.
915 2354 1168 2396 Marquardus
1194 2355 1215 2386 l.
1266 2354 1499 2387 chunradus.
1550 2355 1754 2387 Hainricus
1784 2354 1830 2386 de

480 2406 638 2437 Walsee
662 2406 873 2438 advocatus
896 2406 928 2438 ni
951 2406 1071 2438 monfl.

175 2467 217 2495 11.
286 2467 334 2494 111.
347 2466 385 2493 id.
434 2461 671 2504 Wolfpertus
700 2462 780 2504 pbr.
805 2466 842 2494 8(
870 2473 912 2494 m.
935 2473 965 2494 n.
987 2473 1014 2494 c.
1067 2462 1340 2503 Perohtoldus,
1372 2462 1596 2504 Dyemudis‚
1627 2462 1659 2494 li.
1713 2463 1830 2494 Mein-

480 2514 622 2546 hardus
650 2513 696 2545 de
725 2513 995 2557 Ohawmperg,
1024 2515 1154 2557 agitur
1183 2515 1311 2546 anniv.
1361 2514 1414 2546 Fr.
1431 2514 1592 2546 Iohannes
1622 2514 1662 2546 de
1692 2514 1831 2546 Bavaria

486 2565 555 2608 pbr.
574 2569 607 2598 et
628 2576 670 2597 m.
687 2576 717 2597 n.
735 2565 790 2607 ef)

280 2686 304 2719 ι)
322 2686 423 2712 Nomen
441 2687 490 2719 ἱερῇ
505 2687 597 2719 nequit.
685 2685 711 2718 b)
729 2687 849 2712 acholitus
861 2687 917 2713 cod.
1005 2686 1028 2718 θ)
1047 2687 1209 2713 Praecedem
1221 2691 1283 2712 nota
1294 2686 1413 2712 radendo
1425 2687 1481 2719 fere
1493 2686 1584 2712 deleta.
1673 2685 1698 2717 d)
1718 2686 1833 2718 Sequem

172 2730 248 2755 huius
266 2734 341 2756 notae
355 2738 423 2763 pan
440 2729 529 2756 eadem
546 2738 628 2755 manu
645 2730 730 2755 subtus
748 2730 776 2754 in
793 2730 910 2762 margine
928 2730 1055 2763 apposita.
1159 2731 1183 2762 θ)
1201 2730 1272 2755 Nota
1290 2738 1366 2763 emper
1385 2730 1440 2754 Ioco
1459 2737 1520 2754 rano
1538 2729 1644 2761 scripta.

278 2806 298 2839 ¹)
321 2805 431 2832 Occisus
448 2814 474 2833 α.
488 2809 559 2832 1278.
665 2807 686 2838 ²)
706 2809 779 2832 1479.
885 2807 906 2838 ²)
925 2809 1090 2833 1518-1521.
1197 2807 1218 2839 ⁴)
1242 2805 1287 2833 Ob.
1300 2814 1325 2832 α.
1340 2809 1402 2832 1474
1420 2808 1469 2832 atat
1488 2809 1558 2832 1475.
