2150 3178
360 785 920 844 FRAGMENTA
964 786 1494 846 NECROLOGII
1538 787 1904 848 INCERTI.

412 925 531 972 Codex
560 939 667 971 15047
693 940 826 972 minoris
851 941 974 979 somnae
1002 940 1258 973 membranaceus
1290 940 1327 973 in
1353 940 1535 974 bibliotheca
1563 951 1711 974 caesarea
1738 941 1970 975 Vindobonensi

302 990 484 1023 reconditus
505 991 569 1023 duo
587 991 672 1033 folia
697 992 731 1023 in
752 992 895 1033 marqine
916 992 1068 1032 inferiore
1089 995 1207 1024 resecta
1229 993 1376 1032 continet,
1398 993 1436 1026 in
1455 993 1572 1034 quibus
1594 994 1779 1027 monasterii
1799 994 1969 1027 cuiusdam

302 1043 416 1075 incerti
438 1043 474 1074 in
496 1043 629 1075 dioecesi
644 1043 881 1085 Salisburyensi
895 1044 1055 1085 quondam
1069 1044 1127 1076 siti
1143 1044 1310 1086 necroloyii
1323 1055 1405 1078 saec.
1422 1046 1474 1077 13.
1489 1045 1586 1078 scribi
1600 1046 1700 1088 coepti
1713 1048 1809 1087 atque
1822 1055 1903 1079 saec.
1916 1047 1969 1080 14.

302 1095 480 1128 continuati
508 1096 721 1137 fraqmentum
751 1099 904 1136 quattuor
932 1106 1052 1128 menses
1080 1096 1214 1135 Martii,
1245 1096 1385 1137 Aprilis,
1418 1097 1620 1138 Septembris,
1653 1097 1807 1137 Octobris,
1836 1107 1969 1139 quorum

302 1147 441 1188 quinque
464 1149 588 1179 tantum
611 1147 679 1180 dies
701 1158 844 1189 quaeque
866 1148 990 1187 desunt,
1013 1148 1214 1189 complectens
1235 1149 1326 1182 inest.

406 1198 510 1231 Notae
537 1199 747 1239 necroloyicae
774 1199 958 1232 calendario
986 1210 1066 1232 saec.
1084 1200 1136 1233 12.
1157 1200 1312 1241 descripto
1337 1211 1418 1234 saec.
1435 1200 1486 1232 13.
1510 1203 1539 1233 et
1564 1201 1613 1233 14.
1634 1202 1736 1233 variis
1762 1200 1966 1234 librariorum

302 1251 450 1283 omnibus
471 1253 548 1282 sunt
570 1251 721 1289 adiectae,
746 1252 782 1283 in
803 1262 865 1292 quo
886 1252 1003 1291 festum
1024 1263 1049 1284 s.
1070 1251 1296 1293 Chuniqundis
1318 1255 1482 1294 tamquam
1495 1251 1618 1295 festum
1637 1252 1781 1286 sollemne
1802 1255 1832 1285 et
1851 1253 1968 1293 festmn

302 1302 527 1335 translationis
549 1314 574 1334 s.
592 1302 752 1335 Rudberti
774 1304 932 1344 inscripta
953 1306 1039 1336 sunt.

406 1354 511 1386 Notas
533 1354 736 1387 librariorum
759 1365 839 1388 saec.
858 1355 909 1387 13.
926 1355 1072 1389 manibus
1094 1356 1232 1396 scriptas
1249 1355 1363 1389 litteris
1378 1356 1553 1389 maioribus
1567 1356 1666 1389 latius
1680 1356 1851 1399 dispositis,
1873 1359 1968 1390 notas

301 1416 371 1438 vero
394 1416 474 1438 saec.
493 1408 544 1438 14.
561 1407 699 1447 scriptas
723 1406 839 1439 litteris
862 1407 1037 1441 maioribus
1058 1407 1292 1450 exscripsimus.

1021 1557 1252 1594 MARTIUS.

315 1639 340 1667 8.
428 1640 461 1667 V.
475 1649 541 1668 non.
563 1636 739 1668 Hainricus
762 1636 934 1669 archidiac.
951 1637 992 1670 (16
1017 1636 1100 1669 Grae
1125 1661 1260 1670 .....
1263 1637 1291 1679 ⁸)

303 1691 344 1719 10.
416 1691 464 1718 VI.
478 1691 514 1718 id.
565 1687 714 1720 Elizabet
736 1699 790 1720 ux.
807 1688 950 1731 Lupoldi
973 1688 1014 1721 de
1037 1688 1190 1721 Medlich.

303 1743 344 1771 12.
416 1742 462 1769 IV.
476 1743 513 1770 id.
563 1739 737 1772 Hainricus
760 1740 848 1782 pleb.

303 1794 345 1822 13.
416 1795 463 1821 111.
477 1795 514 1821 id.
564 1790 739 1823 Hainricus
762 1791 850 1834 pleb.
868 1792 908 1824 de
932 1791 1056 1824 Treves
1080 1817 1215 1824 .....
1218 1793 1245 1834 “)

303 1847 345 1874 16.
375 1846 462 1873 XVII.
477 1846 533 1873 kal.
562 1843 760 1886 LeupolduS.

301 1899 344 1926 21.
404 1898 464 1925 XII.
479 1898 534 1926 kal.
563 1894 773 1927 Eberhardus
797 1900 958 1938 tumppos.
975 1895 1090 1928 Patav.

301 1951 345 1979 25.
392 1950 465 1977 VIII.
481 1950 537 1978 kal.
564 1946 725 1979 Alheidis.

1037 2024 1241 2061 APRILIS.

316 2106 341 2134 5.
474 2116 540 2134 non.
564 2102 820 2135 Anshaelmus
845 2103 940 2135 diac.
958 2103 1014 2135 ob.
1060 2103 1181 2135 Maria
1204 2103 1259 2135 ob.

316 2158 343 2185 6.
386 2158 461 2185 VIII.
476 2158 512 2185 id.
564 2154 770 2186 Heinrieus
793 2165 867 2186 sac.
886 2154 942 2187 ob.

317 2209 344 2237 8.
414 2209 462 2237 VI.
475 2209 512 2237 id.
564 2206 618 2238 Fr.
634 2206 800 2238 Arnoldus
824 2206 875 2238 ob.

304 2261 346 2289 18.
392 2262 464 2289 XIV.
476 2262 533 2289 kal.
563 2257 616 2289 Fr.
634 2258 809 2300 Pilgrimus
833 2269 897 2290 sac.
915 2258 967 2290 ob.

304 2313 346 2341 19.
392 2312 538 2340 X111.kal.
566 2309 756 2351 Wlfingus
778 2309 964 2342 Possehel
988 2309 1033 2342 de
1058 2309 1355 2352 Schillingstorf
1374 2310 1461 2352 obfi)

302 2365 346 2393 20,
405 2364 466 2391 XII.
480 2364 536 2391 kal.
564 2361 616 2392 Fr.
634 2361 885 2404 Ludewicuhsc)
909 2362 950 2394 de
966 2361 1207 2404 Wethwangen
1229 2362 1280 2394 ob.

303 2418 346 2445 26.
420 2416 466 2443 vl.
480 2416 536 2443 kal.
566 2412 691 2444 Wentl
717 2439 722 2445 .
748 2437 755 2443 .
780 2413 818 2455 5¹)

992 2490 1286 2527 SEPTEMBER.

317 2571 343 2598 3.
412 2571 462 2598 111.
476 2579 539 2598 non.
564 2567 732 2599 Gotfridus
756 2568 796 2599 de
821 2568 938 2600 Muooh
963 2569 1015 2601 ob.

304 2624 346 2650 11.
410 2623 461 2649 111.
475 2622 511 2649 id.
562 2619 796 2650 Richkardis
821 2620 876 2651 ob.

304 2674 346 2700 25.
405 2674 464 2700 VII.
478 2674 535 2700 kal.
562 2671 715 2702 Ulricus
739 2671 784 2702 de
801 2671 965 2703 Vihdorf
984 2672 1041 2703 ob.

408 2799 432 2830 ὃ)
452 2800 550 2826 Nomen
573 2801 638 2834 folio
659 2802 776 2826 mutilato
795 2810 848 2826 non
862 2802 940 2834 plene
958 2802 1081 2834 amptum
1100 2807 1218 2834 apparet.
1323 2801 1349 2834 b)
1373 2802 1430 2827 Vox
1447 2802 1532 2828 colore
1550 2802 1629 2827 rubro
1647 2803 1752 2835 scripta.
1857 2803 1881 2835 0)
1902 2802 1965 2829 ond.

305 2840 330 2873 d)
350 2841 449 2868 Nomen
467 2844 532 2875 folio
552 2844 679 2869 destructo
697 2853 728 2869 επ
741 2849 822 2876 parte
841 2845 892 2877 leyi
909 2845 1002 2877 nequit.
1040 2845 1144 2871 Wentla
1162 2844 1296 2877 legendum
1314 2853 1366 2871 esee
1384 2844 1520 2879 verisimile
1538 2849 1582 2870 en.
