2150 3178
869 855 1263 916 NECROLO
1271 856 1496 917 GIUM

518 961 692 1021 CAN
700 959 822 1020 ΟΝ
827 960 974 1019 ΙΑΕ
1018 959 1848 1021 DUGUMBURGENSIS.

459 1111 636 1158 Canoniae
657 1134 683 1156 s.
702 1123 831 1164 Georyii
854 1122 1162 1164 Ducumburyensis,
1192 1122 1246 1155 cui
1271 1122 1363 1164 vulyo
1385 1122 1626 1164 Herzoyenbury
1652 1133 1765 1156 nomen
1792 1126 1851 1162 est,
1881 1133 1913 1156 a.
1930 1114 2016 1156 1'112

348 1177 388 1210 ab
417 1175 567 1210 Udalrico
589 1176 731 1216 episcopo
754 1174 943 1208 Pataviensi
964 1174 1038 1214 loco,
1059 1185 1122 1216 quo
1146 1174 1284 1215 Traqisa
1305 1174 1426 1214 fluvius
1447 1175 1484 1207 in
1504 1173 1695 1208 Danubium
1716 1174 1904 1215 effunditur,
1926 1175 2017 1216 apud

348 1240 374 1262 s.
394 1229 523 1270 Georgii
538 1227 700 1260 eeclesiam
715 1227 882 1267 fundatae,
905 1238 931 1260 s.
950 1227 1084 1269 Georqio
1107 1226 1270 1259 dedicatae
1292 1226 1516 1268 canonicisque
1537 1237 1563 1260 s.
1578 1226 1758 1269 Auqustini
1778 1226 1920 1268 reyulam
1934 1237 2014 1268 pro-

349 1281 443 1321 fessis
464 1279 666 1322 reyularibus
688 1279 842 1318 traditae,
871 1289 902 1312 a.
923 1289 994 1311 vero
1017 1279 1102 1311 1244
1120 1281 1252 1320 propter
1272 1277 1421 1311 Danubii
1441 1278 1668 1311 inundationes
1689 1277 1852 1320 Rudiqero
1874 1279 2015 1320 episcopo

350 1333 539 1366 Pataviensi
561 1334 724 1364 annuente
739 1330 1003 1373 Ducumburyum
1026 1330 1203 1363 translatae
1221 1333 1424 1364 monumenta
1438 1329 1631 1372 necroloyica
1646 1330 1832 1372 antiquiora
1854 1330 1905 1363 his
1917 1330 2016 1372 plane

349 1385 514 1426 deperdita
536 1386 613 1417 sunt
635 1383 834 1424 temporibus.
880 1383 931 1416 De
951 1383 1068 1424 quibus
1089 1382 1248 1423 copiosius
1269 1382 1409 1415 disserui
1430 1381 1536 1415 Neues
1556 1382 1678 1415 Archiv
1698 1381 1841 1422 XXXV,
1858 1383 1931 1415 764.

454 1435 632 1477 Nceroloyii
662 1436 801 1468 recensio
829 1445 911 1468 nova
941 1445 972 1468 a.
998 1436 1084 1467 1777
1114 1434 1266 1467 instituta
1299 1434 1335 1466 in
1367 1434 1490 1467 duobus
1520 1434 1680 1467 codicibus
1707 1435 1866 1467 maximae
1889 1433 2016 1477 formae

349 1489 525 1521 chartaceis
552 1488 589 1520 in
611 1487 804 1528 praelatura
830 1487 977 1528 repositis
1005 1497 1092 1519 nunc
1118 1486 1335 1519 tantummodo
1356 1488 1511 1527 superest,
1541 1486 1658 1527 quibus
1677 1478 1792 1519 titulus
1808 1486 2017 1528 praefigitur:

348 1540 569 1580 „continuatio
597 1539 767 1580 necroloyii
795 1549 852 1572 seu
881 1538 1001 1572 elenchi
1028 1538 1209 1580 quotidiani
1234 1538 1472 1581 defunctorum,
1505 1539 1563 1580 qui
1595 1538 1643 1570 vel
1671 1549 1711 1571 ex
1740 1538 1876 1571 canonia
1905 1540 2016 1571 nostra

349 1592 629 1633 Ducumburqensi
660 1590 709 1624 vel
740 1601 780 1624 ex
806 1591 954 1624 canoniis
982 1593 1012 1623 et
1039 1590 1242 1623 monasteriis
1269 1590 1389 1623 nostris
1416 1590 1648 1633 confoederatis
1681 1590 1802 1623 tumulo
1834 1589 1920 1622 illati
1947 1590 2016 1631 piis

348 1644 468 1677 nostris
494 1643 662 1684 suffraqiis
687 1643 857 1684 9audent“‚
887 1653 1022 1684 quorum
1044 1640 1176 1683 uterque
1198 1642 1282 1674 binis
1303 1642 1478 1682 dispositus
1499 1642 1667 1681 columnis,
1695 1653 1832 1683 quarum
1853 1642 1890 1674 in
1906 1643 2017 1683 priore

348 1696 492 1736 defuncti
518 1706 557 1728 ex
583 1695 826 1735 confoederatis,
855 1695 891 1727 in
917 1694 1020 1727 altera
1046 1705 1105 1734 „ezc
1131 1694 1271 1727 nostris“
1293 1693 1411 1726 scilicet
1432 1694 1594 1727 canonicis
1615 1694 1846 1733 inscribuntur,
1876 1694 2016 1734 spatium

348 1751 493 1781 semestre
519 1747 743 1788 complectitur.
799 1746 1041 1787 Gompilatorem
1069 1749 1174 1778 autem
1202 1746 1307 1779 obitus
1326 1746 1581 1786 praepositorum
1610 1746 1678 1778 dies
1698 1746 1827 1786 saepius
1848 1756 1912 1779 non
1933 1748 2016 1779 recte

347 1800 612 1840 transscripsisse,
636 1799 804 1840 inquisitio
822 1802 978 1831 accurata
999 1799 1089 1831 haud
1111 1798 1204 1830 dubie
1226 1798 1322 1830 docet.
1368 1797 1627 1839 Praepositorum
1649 1798 1733 1830 enim
1754 1807 1820 1830 non
1835 1807 2014 1838 paucorum

347 1852 451 1884 obitus
473 1851 541 1883 dies
563 1851 725 1884 Ianuario
747 1853 777 1883 et
798 1851 979 1883 Februario
1001 1850 1161 1883 mensibus
1181 1849 1264 1890 salso
1286 1850 1432 1882 inseruit.

456 1903 542 1944 Quid
563 1906 641 1936 nota
663 1904 775 1946 ignoto
797 1902 850 1935 die
872 1902 1036 1944 significet,
1060 1912 1124 1935 non
1146 1904 1277 1934 constat.
1322 1902 1365 1934 In
1387 1901 1535 1934 columna
1551 1901 1657 1934 altera
1671 1903 1777 1933 tamen
1791 1900 2014 1942 defunctorum

346 1958 439 1988 notae
461 1955 626 1996 appositae
646 1957 732 1994 sunt,
754 1965 835 1996 quae
857 1965 873 1987 e
892 1955 1061 1987 vetustiore
1080 1954 1218 1995 quodam
1238 1953 1412 1995 necrologio
1431 1964 1519 1986 nunc
1538 1954 1655 1986 amisso
1674 1953 1808 1985 haustae
1828 1955 1912 1991 sunt,
1934 1963 2016 1994 quas

347 2009 476 2039 tantum
499 2010 650 2039 notarum
673 2018 711 2039 ex
733 2007 826 2047 copia
847 2006 960 2039 electas
982 2007 1067 2048 typis
1088 2006 1310 2039 exscribendas
1331 2006 1443 2038 curavi
1464 2006 1606 2038 minutis.

453 2058 726 2091 Reverendissimo
754 2059 881 2091 domino
902 2058 1082 2100 Friydiano
1104 2057 1259 2097 Schmolk,
1289 2058 1359 2090 eius
1380 2058 1534 2090 canoniae
1550 2057 1732 2098 praeposito
1754 2056 1934 2095 venerabili,
1963 2056 2016 2088 hic

348 2121 483 2151 quoque,
521 2111 606 2151 quod
642 2110 801 2143 codicibus
834 2111 919 2143 domi
951 2110 1064 2143 utendi
1096 2110 1257 2142 licentiam
1291 2109 1422 2142 libenter
1455 2109 1619 2148 concessit,
1653 2109 1778 2150 yratias
1810 2109 1925 2141 iterum
1957 2117 2016 2150 ayo

348 2172 518 2201 maxim-as.

1047 2268 1326 2306 IANUARIUS.

368 2353 392 2379 1.
528 2351 583 2378 kal.
612 2353 635 2384 ¹)
642 2352 743 2386 Ignoto
761 2351 850 2385 dieb):
869 2351 895 2378 d.
909 2350 1038 2378 Wisento
1056 2359 1137 2386 ppos.
1151 2351 1252 2384 1120.¹)
1287 2351 1355 2378 Rev.
1368 2350 1396 2378 d.
1406 2349 1554 2378 Heinricus
1572 2349 1631 2377 dec.
1667 2349 1735 2377 Rev.
1747 2349 1774 2376 d.
1786 2347 1974 2384 Sigilhochus.
1988 2374 1992 2377 ,

367 2395 391 2422 2.
463 2394 511 2422 IV.
525 2402 588 2422 non.
611 2395 712 2429 Ignoto
731 2394 789 2422 die:
808 2403 864 2422 rev.
878 2394 904 2421 d.
917 2394 1077 2427 Mathias.⁰)

367 2438 391 2465 3.
458 2438 512 2465 III.
525 2446 590 2465 non.
613 2438 714 2473 Ignoto
733 2438 792 2465 die:
811 2437 871 2470 d)d.
884 2436 1045 2464 Hartwious
1063 2445 1144 2472 ppos
1157 2437 1258 2470 1160.¹)
1295 2437 1362 2464 Rev.
1375 2436 1402 2464 d.
1414 2436 1532 2463 Ioannes
1551 2434 1686 2469 Georgius
1703 2433 1832 2466 Puschel,
1850 2433 1910 2460 dec.
1947 2432 2014 2460 Rev.

366 2524 392 2551 4.

478 2524 512 2551 11.
525 2532 589 2551 non.
614 2481 907 2559 Ignitgmiluiffinssilelxlrl‘d.
921 2523 1063 2551 Conradus
1082 2523 1200 2551 Lochler
1218 2523 1388 2550 benefactor.
1425 2522 1492 2549 Rev.
1505 2521 1532 2548 d.
1545 2520 1689 2549 Sebaldus.

455 2654 479 2686 ⁸)
500 2654 638 2687 sequentes
656 2658 731 2680 notae
748 2654 776 2679 in
795 2655 923 2686 columna,
946 2654 988 2679 cui
1005 2653 1154 2679 inscribitur
1172 2653 1261 2678 titulus
1279 2661 1312 2679 ex
1329 2653 1431 2683 nostris,
1455 2652 1565 2684 scriptae
1582 2656 1649 2677 eunt.
1753 2649 1779 2681 ¹¹)
1803 2649 1861 2676 Vice
1879 2649 1928 2677 die.
1950 2657 2016 2682 quae

349 2706 398 2723 vox
421 2697 533 2730 undique
557 2698 707 2729 adhibetur,
733 2697 827 2723 rectius
849 2705 925 2730 saepe
950 2705 1019 2722 anno
1042 2696 1187 2722 notandum
1210 2700 1253 2721 est.
1359 2695 1383 2727 0)
1402 2695 1524 2728 Sequitur
1541 2699 1604 2720 nota
1621 2694 1751 2720 exstincta.
1857 2691 1882 2726 ἆ)
1903 2692 2016 2726 seq-mu

350 2744 413 2766 nota
431 2740 515 2766 deleta
533 2744 577 2766 est.

456 2826 476 2858 ¹)
504 2824 620 2851 Wisinto
639 2824 671 2857 L,
689 2825 727 2851 ob.
741 2833 762 2852 c.
775 2833 801 2852 a.
815 2829 877 2852 1117
893 2824 1047 2858 (Lindner).
1154 2825 1175 2858 ²)
1197 2823 1243 2851 Ob.
1257 2822 1328 2857 Sept.
1342 2827 1366 2851 5.
