2150 3178
143 661 171 681 10

145 876 170 896 15

145 1304 170 1324 25

144 1732 169 1752 ³5

143 2161 169 2181 45

144 2375 170 2394 5⁰

144 2588 170 2608 5³

465 182 730 210 NECROLOGIUM
749 182 1047 210 FRATERNITATIS
1063 182 1090 210 S.
1102 181 1263 210 MARTINI
1282 182 1321 209 IN
1341 181 1565 210 IUDENBURG.

293 267 346 295 Pro
364 268 396 295 (10
416 267 534 295 Nicolao
553 267 634 302 plebo
652 267 682 294 in
700 267 814 302 Lugast.

294 310 349 337 Pro
367 311 468 338 Iacobo
487 310 548 337 cive
566 310 596 337 in
614 310 771 344 Ubelpach.

292 352 347 380 Pro
365 353 506 381 Friderico
524 351 751 379 Phaffendorffer.

291 395 346 423 Pro
365 395 397 422 (10
416 395 520 422 Ottone
539 400 607 429 cap⁰
625 394 656 421 in
675 394 892 423 Liechtenstain.

293 438 347 465 Pro
365 438 483 465 Nicolao
502 437 680 472 Czeyrecker.

294 481 347 508 Pro
366 481 398 508 (10
416 480 536 508 Rudolfo
555 480 645 507 nobili
663 480 698 507 de
716 479 937 509 Liechtenstain.

291 524 345 552 Pro
364 524 396 551 (10
415 524 538 551 Iohanne
556 523 620 551 111110
638 523 672 550 de
691 523 898 558 Tewffenpach.

291 567 345 594 Pro
363 567 396 594 (10
414 567 538 594 Iohanne
556 567 638 601 plebo
657 566 686 592 in
704 565 852 594 Choflach.

292 611 345 637 Pro
364 610 500 638 Mauricio
512 610 647 637 Welczer.

291 652 346 679 Pro
364 652 396 679 (10
416 652 528 680 Urbano
546 652 628 687 pleb⁰
647 651 684 678 ad
701 651 759 678 S¹¹¹¹¹
778 651 900 679 Petrum.

292 695 346 722 Pro
364 695 396 722 (10
415 695 559 730 Stephano
576 694 657 729 pleb⁰
675 694 715 720 im
733 693 797 721 Tall
814 703 870 729 pey
888 694 980 722 Gretz.

292 738 346 765 Pro
363 738 447 766 Petro
465 738 590 766 Ozanner
608 737 668 764 cive
687 736 715 763 in
734 736 902 772 Iudenburg.

293 781 346 808 Pro
365 781 397 808 d0
415 781 537 816 Caspare
555 780 712 808 Hewrauss.

293 823 346 851 Pro
365 823 461 851 Georio
479 822 662 857 Flaemming.

292 866 345 893 Pro
363 866 396 893 (10
415 866 551 901 Caepar·)
569 866 604 893 de
617 864 786 899 Wolfsperg.

293 909 346 936 Pro
365 909 397 936 (10
415 909 499 937 Petro
517 908 599 944 pleb⁰
617 907 646 934 in
663 907 843 942 Frawnberg.

292 952 346 980 Pro
364 952 467 980 Iudoeo
485 952 620 986 Reyman.

292 995 346 1023 Pro
364 995 489 1023 Conrado
502 994 608 1022 Wueri.

293 1039 346 1066 Pro
364 1039 397 1065 (10
415 1038 554 1066 Michaele
572 1037 654 1072 pleb⁰
673 1036 702 1063 in
720 1036 892 1064 Gelesehsot.

292 1082 345 1109 Pro
364 1082 396 1109 (10
415 1081 539 1109 Iohanne
558 1080 640 1115 pleb⁰
658 1079 710 1107 auf
724 1079 778 1107 den
797 1078 961 1106 Praetneck.

292 1125 345 1152 Pro
363 1125 485 1152 Iohanne
504 1124 686 1159 Luebgaster.

292 1168 346 1195 Pro
365 1167 506 1195 Leonardo
525 1165 768 1201 Kchurezkruegel
786 1166 820 1193 de
838 1163 1092 1192 Huenezmarkcht.

291 1210 344 1237 Pro
363 1211 396 1237 (10
415 1209 534 1237 ΝἰοοΙειο
553 1209 587 1237 de
606 1208 732 1243 chapell.

292 1253 345 1281 Pro
363 1253 396 1280 (10
414 1253 514 1281 Georio
533 1251 686 1279 Saffrendel
705 1256 772 1286 cap⁰
790 1256 822 1278 110
840 1249 1036 1278 fraternitatis.

292 1297 345 1323 Pro
363 1296 487 1324 Mei-chel
505 1295 539 1323 de
557 1294 686 1322 Lewben.

293 1339 346 1366 Pro
364 1339 457 1366 Felice
475 1339 510 1366 de
522 1338 683 1373 Voitsperg.

290 1382 344 1410 Pro
363 1381 464 1410 Georio
483 1381 628 1409 Pueehler.

292 1425 346 1452 Pro
363 1424 508 1459 Stephano
526 1424 676 1451 Muelbach
695 1422 757 1450 eive
774 1422 805 1449 in
823 1421 989 1455 Iudenburg.

291 1467 345 1495 Pro
363 1468 396 1494 (10
415 1467 537 1494 Iohanne
555 1466 637 1502 pleb⁰
656 1466 685 1493 in
704 1465 862 1493 Chofflach.

291 1511 345 1537 Pro
363 1510 490 1538 Conrado
511 1510 635 1537 Puecher
653 1509 715 1536 cive
733 1508 762 1535 in
780 1507 949 1542 ludenburg.

291 1553 346 1580 Pro
365 1553 465 1581 Georio
483 1552 653 1580 Rindschad.

291 1597 344 1624 Pro
363 1597 395 1623 (10
414 1596 547 1623 Udalrico
567 1595 679 1630 Chroph
698 1595 779 1629 pleb⁰
797 1594 827 1621 in
845 1594 981 1629 Harperg.

291 1639 345 1666 Pro
364 1639 396 1666 (10
415 1638 537 1666 Mai-tino
556 1638 718 1672 Snewerger
735 1637 816 1672 pleb⁰
835 1636 866 1663 in
883 1635 1069 1671 Chirchpach.

291 1682 344 1709 Pro
361 1681 539 1717 Sigismundo
557 1681 733 1708 Schadecker
749 1679 812 1707 eive
830 1679 860 1706 in
876 1679 1040 1714 Voytsperg.

291 1724 345 1752 Pro
363 1725 396 1751 (10
415 1724 528 1752 Andrea
546 1723 628 1759 pleb⁰
646 1723 675 1750 in
695 1723 825 1758 Luegast.

290 1767 344 1795 Pro
363 1767 395 1794 (10
413 1767 512 1795 Alexio
530 1766 611 1802 pleb⁰
629 1766 659 1793 in
678 1766 848 1793 Geleschrot.

290 1810 344 1837 Pro
363 1810 395 1837 (10
415 1810 516 1837 Iacobo
534 1809 609 1837 socio
628 1809 785 1836 divinorum
803 1808 831 1835 in
845 1807 1055 1842 Vansd(orff).b)

291 1852 344 1879 Pro
363 1853 395 1879 (10
414 1853 522 1879 Thoma
540 1851 621 1886 pleb⁰
639 1851 667 1878 in
687 1851 832 1885 Kaynach.

291 1895 345 1922 Pro
364 1895 397 1922 (10
416 1895 499 1923 Petro
518 1894 597 1929 plebe
616 1894 647 1920 in
665 1894 843 1921 Pirkehveld.

292 1938 346 1965 Pro
365 1938 397 1965 (10
416 1937 512 1965 Ulrieo
529 1937 638 1965 Sawrer
656 1937 685 1964 in
703 1937 834 1972 Luegast.

292 1981 344 2008 Pro
363 1981 396 2008 (10
415 1981 539 2008 Iohanne
557 1980 639 2015 plebo
657 1980 693 2007 ad
712 1980 768 2007 Sum
788 1980 961 2008 Leonardum
979 1979 1009 2006 111
1028 1979 1175 2006 Lavental.

291 2024 344 2052 Pro
363 2024 487 2051 Iohanne
505 2023 601 2051 Adloff
617 2023 678 2051 cive
696 2023 727 2050 111
745 2023 913 2058 Iudenburg.

291 2067 345 2095 Pro
365 2067 500 2102 Casparn)
518 2067 621 2102 Pyerer
639 2066 700 2093 cive
719 2066 748 2093 in
767 2066 895 2094 Lewben.

291 2110 345 2138 Pro
363 2110 527 2138 Walthasar
534 2111 557 2143 0)
576 2109 737 2137 Hamecker
754 2109 784 2136 in
803 2110 947 2144 Kaynach.

291 2153 344 2181 Pro
362 2153 527 2181 Walthasar
534 2154 557 2186 ²)
573 2153 700 2180 Welczer
717 2152 748 2179 in
765 2153 952 2180 Lantsehach.

291 2196 345 2223 Pro
364 2196 499 2231 Caspai-⁸)
518 2196 650 2224 Gschuer.
823 2206 826 2209 ·

292 2239 346 2266 Pro
365 2239 397 2266 (10
416 2239 550 2266 Hainrico
568 2239 651 2274 pleb⁰
667 2239 697 2266 in
715 2238 870 2266 Stalhofen.

292 2282 345 2309 Pro
363 2282 396 2308 (10
415 2282 537 2309 Iohanne
556 2282 638 2317 pleb⁰
656 2282 692 2309 ad
709 2282 766 2309 Sum
785 2282 968 2309 Leonardum.

292 2325 345 2352 Pro
363 2325 396 2351 (10
414 2325 546 2352 Hainrico
565 2325 738 2360 Melkaymer
756 2325 837 2359 plebo
855 2325 886 2352 in
903 2325 997 2352 Haws.

292 2367 346 2395 Pro
364 2368 397 2394 (10
416 2368 560 2402 Stephano
579 2368 752 2403 Melkaymer
770 2368 851 2403 pleb⁰
869 2367 897 2394 in
916 2368 1107 2403 Rackaspurg.

292 2411 346 2438 Pro
364 2411 396 2437 (10
415 2411 538 2438 Iohanne
558 2432 719 2439 .......
721 2414 744 2444 0)
764 2417 831 2445 0ap⁰
849 2417 882 2438 110
899 2411 1095 2439 fraternitatis.

294 2454 346 2481 Pro
364 2454 396 2480 (10
416 2454 539 2481 Iohanne
557 2454 714 2482 Meiehsner
731 2453 812 2488 plebo
830 2453 859 2481 in
872 2454 1125 2482 Weissenkirehen.

293 2496 347 2523 Pro
367 2497 490 2524 Iohanne
509 2497 617 2532 Chropf
632 2497 693 2525 cive
711 2496 741 2524 in
760 2497 928 2532 Iudenburg.

293 2539 346 2566 Pro
365 2539 488 2567 Iohanne
507 2540 601 2567 Iuedel
620 2540 681 2567 eive
700 2540 729 2567 in
741 2540 900 2575 Voitsperg.

293 2582 347 2609 Pro
365 2582 398 2609 (10
416 2582 540 2609 Achaeio
558 2582 730 2617 primissario
747 2583 777 2610 in
795 2583 888 2610 Οτι-ἐστ.

292 2625 347 2652 Pro
366 2625 398 2651 (10
417 2625 544 2652 Conrado
563 2626 647 2653 Fabri
666 2626 745 2660 pleb⁰
764 2626 793 2652 in
811 2626 996 2654 Reiehenfels.

294 2668 346 2695 Pro
366 2667 542 2702 Sigismundo
555 2669 700 2697 Weinatel·
718 2669 855 2704 armigero
873 2669 907 2697 de
925 2669 1050 2697 Obdach.

292 2795 316 2828 ⁸)
336 2780 398 2822 dod.
502 2796 528 2830 ¹²)
545 2796 597 2823 orff
609 2798 732 2831 cupplevi.
837 2799 860 2831 0)
879 2799 978 2825 Nomen
995 2799 1071 2825 deect-

1778 184 1842 216 583
