2150 3178
531 195 797 223 NECROLOGIUM
815 194 1003 222 CANONIAE
1021 195 1070 221 AD
1088 194 1115 222 S.
1128 194 1379 222 HIPPOLYTUM.
1717 197 1779 226 52ss

236 287 283 314 IV.
298 296 364 314 non.
387 282 592 314 Heinricus
615 282 796 314 Morbech
820 282 866 313 de
883 282 1127 313 Walthausen
1150 281 1231 323 pbr.
1254 283 1291 312 et
1314 281 1377 312 cfr.
1395 291 1425 312 n.
1473 280 1716 323 [Wilhalmus
1743 282 1782 312 in

437 333 551 365 Curia
575 334 796 364 straminum
820 334 980 373 occisus,
1003 333 1218 364 Katherina
1241 343 1299 363 ux.
1325 343 1404 368 sua,
1430 331 1576 364 oblatio
1600 332 1647 364 de
1671 333 1782 364 vinea

437 384 635 426 Pybrinne.
686 385 863 415 Alramus
891 388 1032 424 custos,
1061 384 1139 426 pbr.
1164 387 1201 415 et
1227 384 1268 415 fr.
1288 395 1318 415 n.
1371 383 1563 415 Iohannes
1593 384 1639 415 de
1663 383 1782 416 Pauu—
1823 399 1826 402 ·

437 436 689 477 gartenperig
718 435 794 477 pbr.
824 439 860 467 et
891 436 954 467 cfr.
1000 436 1039 467 D.
1057 435 1306 477 Wolfgangus
1338 435 1600 467 Lilienfelder
1630 435 1711 477 pbr.
1743 438 1784 467 et

437 487 478 518 fr.
503 498 532 518 n.
584 486 795 518 Gerdrudis
828 487 1103 528 Lobmingerin
1138 487 1183 518 de
1219 487 1383 518 Secovia
1415 497 1565 519 consor.
1589 497 1619 518 n.
1671 487 1782 529 Nota,

438 538 538 580 quod
568 538 691 570 anniv.
716 537 798 570 dies
829 538 860 569 (1ί
885 538 1049 570 Conradi
1077 538 1203 570 Silber
1232 542 1269 570 et
1299 538 1466 569 omnium
1497 541 1783 570 antecessorum

438 593 475 622 et
506 599 767 621 successorum
800 600 949 621 suorum
979 591 1177 632 peragitur
1209 590 1371 632 singulis
1403 590 1510 621 annis
1542 590 1642 622 feria
1672 593 1782 622 sexta

437 644 525 672 ante
548 641 685 673 festum
704 641 961 673 dedicationis
984 642 1148 673 ecclesie
1172 641 1281 673 monii
1299 642 1334 672 in
1355 641 1452 673 hunc
1475 641 1638 673 modum:
1662 642 1783 683 primo

438 692 552 724 debet
575 693 775 734 preparari
799 693 984 724 feretrum
1008 693 1044 724 in
1067 693 1190 724 medio
1215 692 1330 724 m0n³⁰
1352 703 1433 724 cum
1457 703 1581 734 panno
1604 703 1720 725 aureo
1745 696 1783 725 et

442 746 483 775 12
508 744 692 784 candelis,
721 744 783 785 qui
813 743 992 775 dicuntur
1015 744 1304 784 stekcherczen,
1336 754 1427 785 quas
1457 744 1622 786 porrigit
1646 748 1784 785 custos⁷

439 805 509 837 que
527 795 668 826 debent
690 794 826 827 ardere
850 795 895 827 de
919 798 1030 827 nocte
1054 795 1099 827 ad
1115 796 1270 837 vigilias
1293 799 1330 827 et
1354 795 1398 827 de
1421 806 1529 827 mane
1547 796 1598 827 ud
1615 797 1783 837 priorem

438 847 605 887 missam,
629 857 696 888 pro
721 857 791 888 quo
815 847 1061 889 porriguntur
1083 847 1155 878 sibi
1180 850 1260 884 5003.
1306 847 1426 878 Datur
1455 849 1464 877 1
1485 847 1547 878 tal.
1565 852 1586 882 ὦ.
1608 858 1674 889 pro
1699 858 1782 880 con—

437 898 635 930 solacione
668 898 775 928 dmum.
831 898 928 929 Item
964 898 1101 930 dantur
1137 901 1173 929 10
1192 903 1213 934 ο).
1245 899 1418 930 cantanti
1453 900 1628 940 priorem.
1686 899 1783 931 Item

437 953 567 992 preter
590 949 743 981 dotatas
764 950 898 981 missas
922 949 1064 980 debent
1086 949 1166 991 legi
1190 951 1208 980 2
1230 951 1359 989 misse,
1389 961 1460 981 una
1487 950 1536 982 ad
1560 955 1621 981 s¹²¹¹²
1646 951 1782 983 Iohan-

436 1012 534 1042 nem,
565 1001 690 1033 altera
720 1001 768 1032 ad
791 1001 1125 1042 christophorum,
1157 1004 1194 1032 et
1224 1001 1384 1033 cuilibet
1412 1002 1552 1033 dantur
1581 1003 1638 1039 Sc).
1682 1003 1781 1034 Item

437 1052 546 1094 pleb⁰
569 1063 635 1094 pro
664 1053 940 1084 exhortacione
970 1052 1106 1083 dantur
1130 1054 1184 1087 δῶ.
1231 1053 1321 1083 Item
1352 1063 1418 1094 pro
1447 1055 1464 1084 2
1489 1053 1688 1095 psalteriis
1721 1056 1782 1091 δῷ.

438 1104 535 1136 Item
559 1104 819 1146 campanatori
839 1114 905 1146 pro
923 1115 1057 1146 magno
1074 1104 1185 1145 pulsu
1202 1104 1391 1135 dabuntur
1407 1106 1486 1142 200).
1521 1105 1618 1137 Item
1641 1116 1783 1138 summa

438 1156 572 1187 totius:
600 1157 638 1187 12
654 1157 720 1197 β.ᾣ.
737 1156 856 1187 minus
876 1158 913 1187 10
927 1160 962 1196 ολ,
987 1166 1079 1197 quos
1102 1155 1255 1197 porrigit
1277 1166 1370 1197 mag.
1389 1155 1525 1197 oblaye
1550 1156 1594 1188 de
1618 1158 1782 1189 servicio

437 1207 474 1238 in
498 1206 815 1249 Chrawsenperig
843 1218 961 1249 prope
985 1206 1173 1249 Chasten.]
1220 1207 1390 1248 Philippus
1418 1210 1451 1238 et
1475 1208 1674 1249 Pangracius
1704 1214 1784 1240 sacffl’

440 1261 474 1290 et
495 1258 536 1290 mi
553 1258 593 1290 de
610 1258 922 1301 Pawngartenperig
942 1262 974 1290 et
990 1259 1062 1290 cfr0⁸
1078 1259 1116 1290 ni.
1157 1258 1302 1290 Ortolfus
1319 1259 1359 1289 de
1377 1258 1413 1289 S’2
1429 1259 1532 1290 Cruce
1548 1259 1617 1301 pbr.
1636 1263 1669 1291 et
1684 1260 1739 1292 cfr.
1753 1271 1783 1292 n.

438 1309 600 1342 Iohannes
619 1310 660 1342 de
677 1310 714 1341 δ’
730 1310 831 1342 Oruce
852 1310 920 1352 pbr.
961 1310 1144 1351 Stephanus
1160 1310 1269 1341 Pistor
1288 1310 1358 1351 pbr.
1374 1313 1406 1341 et
1426 1310 1463 1341 fr.
1476 1321 1505 1342 n.
1545 1310 1661 1342 Petrus
1677 1312 1784 1343 Tuecz

441 1361 481 1393 de
504 1361 682 1403 Neuburga
705 1361 773 1403 pbr.
791 1364 824 1394 et
847 1362 902 1394 cfr.
919 1373 949 1393 n.
995 1362 1157 1393 Iohannes
1180 1361 1221 1393 de
1239 1361 1363 1402 Tyema
1387 1361 1427 1393 de
1451 1362 1636 1405 Newburga
1660 1373 1726 1395 acc.
1751 1366 1784 1395 et

436 1412 494 1444 cfr.
512 1424 541 1444 n.
587 1413 627 1444 D.
645 1412 784 1445 Georius
807 1413 847 1445 de
871 1413 907 1445 S⁰
923 1413 1074 1444 Floriano
1098 1413 1154 1444 cfr.
1171 1424 1201 1444 n.

234 1469 281 1495 111.
297 1477 363 1496 non.
387 1463 612 1496 Gebhardus
639 1475 715 1506 epe.
737 1464 896 1506 Patav.²)
942 1463 1159 1507 [Pilgrimus
1187 1464 1232 1496 de
1254 1464 1620 1507 Paungartenperig
1649 1467 1725 1508 pbr.
1747 1471 1785 1499 et

440 1516 503 1548 cfr.
520 1527 548 1548 n.
594 1516 810 1548 Hertwicus
833 1516 911 1558 pbr.
930 1517 1095 1549 ecclesie
1113 1516 1356 1548 Secoviensis
1381 1520 1418 1547 et
1443 1517 1506 1548 cfr.
1523 1528 1553 1548 n.
1593 1517 1784 1559 Nycolaus

441 1567 485 1599 de
503 1568 541 1599 S⁰
557 1568 712 1600 Andrea
732 1568 809 1610 pbr.
827 1572 864 1600 et
880 1569 943 1600 cfr.
961 1579 990 1600 n.
1029 1568 1255 1600 chunradus
1271 1568 1485 1600 Hausarius
1502 1569 1546 1600 de
1563 1568 1784 1602 Waltausen

440 1620 503 1651 cfr.
526 1631 556 1651 n.
609 1620 873 1652 Meinhardus
903 1631 945 1652 m.
978 1623 1018 1652 et
1053 1631 1129 1652 sac.
1161 1620 1207 1651 de
1238 1619 1629 1662 Paugartenperg³)‚
1666 1622 1730 1653 cfr.
1753 1633 1783 1653 n.

439 1671 663 1703 Wolfardus
694 1672 866 1704 subdiac.
891 1675 931 1704 et
960 1683 1001 1703 m.
1025 1671 1055 1703 b.
1079 1672 1245 1714 virginis
1274 1672 1312 1702 in
1339 1671 1714 1714 Paungartenperig
1745 1676 1785 1705 et

439 1723 503 1755 cfr.
524 1734 554 1754 n.
599 1723 826 1765 ¹³)10hannes
857 1734 960 1765 ppos.
986 1723 1153 1755 ecclesie
1184 1723 1260 1764 ΠΜ)
1288 1726 1324 1754 et
1353 1723 1395 1754 fr.
1413 1722 1456 1765 n.]
1508 1722 1629 1764 Symon
1658 1724 1728 1765 pbr.
1751 1725 1783 1756 in

437 1774 764 1817 Paumgartenperig,
792 1775 848 1807 cfr.
864 1786 894 1806 n.
941 1775 1083 1807 Thomas
1107 1775 1210 1806 dictus
1225 1774 1330 1815 Veyal
1354 1774 1395 1805 (16
1412 1774 1626 1806 Walthausen
1656 1776 1725 1817 pbr.
1752 1779 1785 1808 et

440 1826 496 1858 cfr.
512 1837 543 1858 n.
588 1826 750 1858 Iohannes
768 1826 965 1858 Mendarffer
988 1826 1056 1868 pbr.
1079 1830 1112 1858 et
1135 1837 1204 1858 can.
1222 1825 1494 1867 Salezburgensis,
1518 1826 1574 1858 cfr.
1591 1838 1620 1858 n.
1666 1827 1785 1860 Ursula

439 1877 647 1910 Trawnnerin
677 1877 739 1910 m¹¹⁸
761 1878 898 1920 ibidem,
930 1889 1053 1910 consor.
1076 1889 1105 1909 n.
1151 1877 1363 1909 Leonhardus
1392 1877 1432 1908 de
1453 1877 1691 1909 Wazzerburch
1715 1889 1783 1910 can.

439 1929 575 1961 Patavie
600 1932 694 1961 extra
715 1940 834 1970 muros,
857 1930 939 1971 pbr.‚
964 1930 1020 1960 cfr.
1036 1940 1065 1960 n.
1111 1929 1307 1960 Wilhelmus
1331 1939 1400 1960 can.
1417 1928 1531 1960 Patav.
1549 1932 1642 1960 extra
1664 1940 1782 1970 muros,

439 1981 521 2022 pbr.‚
545 1981 600 2012 cfr.
623 1992 653 2012 n.
698 1981 891 2013 Ludowicus
915 1981 954 2012 de
971 1981 1138 2022 Worawc)
1162 1980 1230 2022 pbr.
1253 1983 1286 2011 et
1313 1979 1368 2011 cfr.
1389 1991 1419 2011 n.
1465 1980 1626 2012 Iohannes
1652 1980 1692 2012 de
1716 1980 1785 2013 Ror

438 2032 508 2074 pbr.
528 2035 561 2064 et
585 2032 640 2064 cfr.
657 2044 687 2064 n.
734 2033 904 2065 Oswaldus
927 2043 990 2064 sac.
1016 2033 1055 2064 de
1081 2032 1117 2063 S¹³
1134 2031 1247 2072 Cruce,
1271 2031 1326 2063 cfr.
1344 2042 1374 2062 n.
1420 2036 1450 2062 D.
1468 2037 1609 2063 Iohannes
1633 2037 1727 2064 senior
1748 2037 1782 2064 de

439 2084 471 2110 S0
485 2083 614 2110 Floriano
636 2084 697 2118 pbr.
714 2085 743 2111 et
762 2084 810 2110 cfr.
823 2093 848 2110 n.
885 2084 916 2110 D.
930 2083 1111 2111 Sebastianus
1130 2091 1190 2109 can.
1204 2082 1428 2114 Novacellensis,
1455 2083 1515 2117 pbr.
1533 2084 1562 2110 et
1585 2084 1632 2110 cfr.
1647 2093 1672 2110 n.
1709 2084 1783 2118 Mag.

440 2125 533 2154 Simon
553 2127 759 2154 waccalaureus
777 2126 928 2161 theologie,
948 2127 1008 2161 pbr.
1021 2125 1246 2161 NewburgensiS,
1267 2126 1314 2152 cfr.
1328 2135 1355 2152 n.

247 2174 282 2200 11.
299 2183 364 2202 non.
387 2169 609 2202 chunradus
640 2181 691 2202 cv.
723 2174 761 2202 et
791 2171 832 2202 fr.
856 2182 885 2202 n.
938 2170 1238 2212 ¹³)Engelbertus
1272 2179 1378 2210 ppos.
1408 2169 1438 2200 h.
1464 2169 1515 2210 l.³)
1573 2168 1784 2211 [Diemudis

439 2221 654 2263 Grezzlinn,
678 2222 824 2254 oblatio
850 2224 894 2255 80
909 2228 930 2259 ο).
977 2222 1199 2253 Fridericus
1222 2221 1366 2252 Hutler
1388 2221 1466 2262 pbr.
1492 2220 1527 2252 Si
1549 2220 1721 2252 Floriani
1745 2225 1784 2253 et

440 2273 504 2304 cfr.
528 2284 558 2304 n.
612 2273 853 2305 Hermannus
887 2274 1011 2305 dictus
1045 2272 1310 2315 Ergoltspech
1345 2272 1532 2313 subdyac.
1569 2271 1615 2303 de
1650 2272 1782 2304 Salcz—

439 2324 565 2357 burch
598 2329 637 2357 et
671 2326 734 2357 cfr.
757 2337 787 2357 n.
838 2325 1027 2367 Syfridus
1059 2336 1111 2356 cv.
1139 2324 1306 2365 ibidem,
1342 2324 1405 2355 cfr.
1430 2323 1471 2366 τι]
1523 2323 1645 2365 Oaspar
1680 2324 1783 2356 dictus

440 2376 556 2408 Terras
578 2376 646 2418 pbr.
671 2377 712 2409 de
735 2376 771 2408 S0
784 2377 948 2418 Floriano,
972 2377 1027 2408 cfr.
1043 2387 1073 2407 n.
1119 2376 1235 2407 Petrus
1258 2375 1299 2407 de
1323 2375 1635 2416 Chremsmuesterd)
1658 2375 1726 2416 pbr.
1750 2379 1783 2407 et

440 2428 496 2459 cfr.
512 2438 543 2459 n.
589 2428 750 2460 Iohannes
774 2428 814 2459 de
838 2428 1024 2470 Newburga
1047 2428 1116 2469 pbr.
1135 2430 1167 2458 et
1190 2427 1246 2458 cfr.
1262 2437 1291 2458 n.
1339 2426 1486 2458 Andreas
1510 2437 1580 2467 cap.
1604 2431 1638 2457 n⁸
1657 2427 1782 2468 capelle

440 2479 463 2510 si
484 2478 631 2521 Spiritus,
658 2479 728 2521 pbr.
746 2480 898 2511 secularis
922 2483 954 2511 et
977 2479 1032 2510 cfr.
1050 2490 1091 2519 n.‚
1123 2480 1213 2509 1457.
1259 2477 1296 2509 Ρ.
1314 2478 1512 2519 Augustinus
1537 2477 1718 2510 Smidmaer
1741 2478 1782 2511 de

439 2530 633 2573 Nuernberg
649 2531 717 2563 dec.
734 2532 766 2562 in
782 2530 1036 2563 Undernndoerf
1056 2533 1088 2562 et
1106 2529 1162 2561 cfr.
1176 2541 1205 2560 n.
1245 2529 1411 2560 conradus
1427 2529 1573 2570 Peregcr
1589 2529 1629 2560 de
1644 2529 1782 2561 Patavia

234 2650 258 2683 ⁸)
277 2651 299 2677 I.
312 2659 333 2677 e.
351 2652 597 2684 Paumgartenperg.
693 2650 718 2683 b)
739 2651 850 2684 Sequens
867 2655 929 2677 ποια
947 2651 1037 2676 litteris
1054 2651 1140 2676 rubrio
1157 2650 1260 2682 scripta.
1360 2649 1383 2681 c)
1402 2650 1425 2675 Ι.
1439 2658 1459 2675 e.
1478 2650 1580 2675 Voraw.
1677 2649 1702 2679 ὖ)
1723 2650 1746 2676 I.
1759 2659 1780 2676 e.

132 2695 376 2720 Chremsmuenster.

237 2771 257 2803 ¹)
279 2770 437 2797 Gebhardus
454 2770 479 2797 I.
494 2778 546 2804 eps.
561 2770 657 2797 Patav.
670 2772 846 2802 1222—1233,
872 2777 925 2802 quo
942 2776 1017 2795 anno
1034 2768 1188 2802 resiynam't.
1295 2769 1315 2801 ²)
1335 2767 1470 2794 Iohannes
1488 2767 1510 2796 Ι.
1530 2770 1703 2800 1370-1-372,
1728 2767 1782 2794 dies

130 2813 216 2840 obitus
234 2821 290 2840 non
307 2815 419 2840 constat.
1293 2816 1294 2819 ’

235 2864 318 2892 Nm.
331 2864 437 2891 PA‘rAv.
1541 2862 1574 2888 67

526 2814 546 2846 ³)
566 2813 594 2840 C.
608 2822 634 2840 α.
648 2816 712 2840 1082
730 2813 830 2839 electus.
