2150 3178
334 184 397 215 492
744 181 1011 210 NECROLOGIUM
1030 181 1105 210 CAN
1107 181 1222 210 ΟΝΙΔΕ
1240 182 1290 210 AD
1307 182 1334 210 S.
1348 182 1600 212 HIPPOLYTUM.

650 268 798 301 debent
826 269 905 311 legi
934 271 953 301 4
977 269 1092 302 misse
1123 269 1222 302 infra
1250 269 1419 311 priorem
1447 273 1485 303 et
1510 270 1672 304 cuilibet
1693 271 1843 314 legenti
1866 271 2005 306 dantur

648 322 719 358 705:
754 321 846 352 item
875 320 1042 363 plebano
1071 331 1139 364 pro
1167 321 1446 354 exhortacione
1470 321 1610 355 dantur
1632 324 1703 362 BQ
1738 323 1830 356 item
1853 324 2005 357 custodi

648 373 785 405 dantur
813 375 908 414 500),
941 373 1003 415 qui
1034 372 1151 406 debet
1179 374 1381 416 porrigere
1409 384 1566 407 aureum
1593 385 1757 417 pannum
1783 378 1821 408 et
1851 378 1893 409 13
1917 386 2004 409 can-

648 425 759 457 delas
788 424 832 457 de
859 424 1049 463 custodia;
1081 426 1172 458 item
1199 425 1247 457 ad
1270 425 1484 458 sacristiam
1508 428 1581 465 ‘lom
1613 427 1706 460 item
1730 427 2002 461 ecclesiastico

648 487 718 518 pro
747 486 845 508 nova
875 487 1060 519 campana
1090 477 1145 519 4⁸)
1162 481 1202 515 &d
1237 477 1328 509 item
1355 477 1512 510 vocibus
1541 489 1608 520 pro
1632 478 1780 511 duobus
1801 479 2004 522 psalteriis

647 529 868 572 legentibus
885 529 1024 562 dantur
1039 530 1092 572 4⁸)
1105 529 1142 574 0).]
1172 530 1362 563 Leonardus
1378 530 1419 563 de
1429 529 1607 573 Witingaw
1622 530 1691 573 pbr.
1705 533 1739 564 et
1754 530 1810 564 cfr.
1822 541 1853 564 ιι.
1866 541 1895 564 a.
1909 534 2002 565 1457.

648 581 688 613 D.
705 581 868 614 Iohannes
890 592 984 624 ppos.
1000 582 1033 614 in
1055 581 1124 614 Ror
1135 582 1172 625 ¹),
1196 582 1266 625 pbr.
1284 586 1317 615 et
1340 583 1396 615 cfr.
1414 574 1443 615 ιι.

348 638 373 666 7.
434 637 496 664 Vll.
509 636 547 664 id.
599 633 790 666 Henricus
823 633 922 675 pleb.
947 633 992 666 de
1022 634 1166 673 Prukk,
1199 635 1263 677 qui
1293 634 1401 667 dedit
1429 634 1540 667 nobis
1572 637 1585 667 1
1612 644 1740 667 aream
1769 634 1806 667 in
1834 634 2001 668 Wienna.

645 684 850 717 Gotfridus
880 685 1003 718 dictus
1031 685 1250 728 Fluschart,
1282 687 1430 720 oblatio
1457 687 1493 729 ¹l²
1517 687 1580 719 tal.
1632 686 1796 719 Iacobus
1822 686 2002 730 subdyac.

646 740 685 769 et
700 747 781 768 nov.
798 747 828 768 n.
867 736 1085 780 [Heinricus
1109 737 1153 771 de
1170 737 1275 770 Hard
1298 749 1377 771 can.
1396 738 1563 771 ecclesie
1580 737 1898 782 Salpurgensisb)‚
1922 738 2001 782 pbr.

578 813 580 815 >
645 792 685 821 et
708 788 775 820 cfr.
792 799 823 820 n.
874 788 1066 822 Iohannes
1095 789 1221 822 dictus
1243 790 1480 824 Pernrieder
1501 790 1579 833 pbr.
1601 790 1767 823 ecclesie
1790 790 1818 822 s¹
1839 790 2003 834 Nicolay

645 839 789 881 Patavq
810 840 876 873 cfr.
893 851 924 872 n.
959 841 1206 874 Wolfhardus
1221 842 1300 884 pbr.
1317 845 1355 874 et
1371 842 1412 874 fr.
1429 840 1472 886 n.]
1506 841 1725 885 wolfgangus
1739 841 2004 875 Missendoerffer

646 893 688 925 de
712 892 992 936 Herzogenburga
1014 893 1085 936 pbr.
1107 897 1140 926 et
1163 894 1220 927 cfr.
1239 905 1269 927 n.
1316 894 1479 938 Georgius
1501 894 1716 937 Chaetringer
1738 894 1820 927 alias
1841 894 1938 927 Pawr
1960 894 2002 928 de

646 944 684 977 8⁰
707 944 860 976 Floriano
889 948 922 977 et
950 945 1007 977 cfr.
1029 956 1058 977 n.
1104 945 1266 979 Iohannes
1289 946 1453 989 quondam
1477 957 1568 990 ppos.
1591 947 1624 979 in
1646 946 1746 979 mon¹⁰
1768 946 1793 978 s¹
1811 946 1955 979 Floriani
1964 946 2003 990 ²),
2033 987 2036 995 Ι

645 996 713 1039 pbr.
737 999 770 1028 et
793 997 850 1028 cfr.
871 1007 902 1028 n.
948 997 1094 1030 Barbara
1118 998 1293 1030 Aurifabra
1317 1009 1442 1031 consor.
1462 1009 1492 1030 n.
1516 1000 1607 1031 1470.
1652 997 1822 1031 Elizabeth
1848 998 1881 1031 in
1904 998 2002 1031 domo

646 1049 826 1081 animarum
856 1059 980 1081 consor.
1003 1060 1033 1081 n.
1057 1051 1154 1089 1476,
1183 1049 1321 1082 oblatio:
1351 1061 1450 1083 unum
1476 1050 1532 1083 tal.
1550 1055 1571 1086 ο)
1621 1049 1674 1082 Fr.
1694 1050 1843 1083 Andreas
1869 1050 2004 1093 Rayder

645 1111 712 1132 acc.
737 1110 779 1132 ex
802 1099 1029 1143 Undendorfc)
1053 1104 1086 1133 et
1110 1100 1167 1133 cfr.
1188 1112 1218 1133 n.
1264 1101 1305 1134 D.
1322 1101 1552 1145 Wolffgangus
1572 1101 1695 1134 Velner
1717 1112 1787 1134 can.
1809 1098 1908 1145 atque
1931 1101 2001 1145 pbr.

645 1152 739 1184 monn
751 1152 774 1184 s¹
787 1152 941 1193 Floriani,
958 1152 1014 1185 cfr.
1029 1152 1088 1196 (n.)
1094 1152 1124 1196 ἀ)
1155 1158 1267 1186 Mariua
1278 1157 1570 1186 Trauttmanstaferin
1576 1153 1603 1196 ⁸)
1615 1153 1673 1186 mu*
1684 1158 1715 1186 in
1727 1158 1759 1186 S⁰
1768 1158 1871 1187 Iacobo
1879 1158 2002 1193 Wienn„

645 1212 752 1231 consor.
765 1213 793 1230 n-

346 1251 373 1280 8.
448 1251 495 1279 Vl.
509 1251 546 1279 id.
599 1246 801 1280 Gotfridus
825 1258 901 1290 eps.
918 1246 1112 1290 Patav.‘)⁸)
1158 1246 1383 1280 chunradus
1406 1258 1458 1280 cv.
1475 1251 1513 1280 et
1535 1248 1577 1280 fr.
1594 1259 1624 1280 n.
1669 1248 1848 1280 Alhaidis
1870 1247 1945 1280 mu·
1965 1250 2004 1280 et

647 1310 717 1332 sor.
734 1311 764 1331 n.
810 1298 1108 1342 [Cholomannus
1130 1299 1210 1342 pbr.
1227 1299 1273 1332 de
1293 1299 1470 1332 Medlico.
1516 1299 1706 1333 Iohannes
1729 1299 1854 1332 dictus
1877 1299 2002 1332 Staiu-

646 1351 719 1394 beg
742 1351 822 1393 pbr.
845 1351 890 1384 de
914 1350 955 1383 S⁰
971 1351 1173 1393 Nicolauo,
1203 1352 1268 1384 cfr.
1286 1351 1328 1396 n.]
1373 1351 1492 1385 Petrus
1514 1352 1632 1395 Iopaet
1660 1351 1702 1385 de
1723 1351 1903 1395 Witignaw
1931 1351 2002 1394 pbr.

647 1407 680 1435 et
703 1403 759 1435 cfr.
776 1414 806 1435 n.
845 1404 961 1436 Anniv.
978 1403 1049 1436 dies
1064 1403 1094 1435 d*
1110 1402 1252 1436 Gotfridi
1268 1403 1319 1447 ep*
1333 1403 1449 1437 Patav.
1465 1405 1632 1447 peragitur
1647 1404 1781 1447 singulis
1796 1404 1897 1446 annis,
1920 1404 2004 1436 sicut

645 1455 701 1487 uni
718 1460 842 1487 caum*²¹
857 1455 886 1487 ιι1
902 1455 1005 1487 m0n¹¹.
1045 1455 1098 1487 Fr.
1112 1454 1273 1498 Georgius
1289 1466 1336 1488 cv.
1350 1456 1382 1488 in
1395 1455 1608 1499 Tyrnnstayn,
1625 1455 1681 1488 cfr.
1695 1466 1724 1488 n.
1763 1455 1944 1488 Ieronimus
1960 1455 2002 1488 de

645 1506 683 1539 S·
699 1506 868 1540 Dorothea
885 1506 954 1549 pbr.
972 1510 1006 1539 et
1022 1507 1078 1540 cfr.
1091 1518 1121 1539 ιι.
1159 1507 1342 1550 mah-icus,
1363 1507 1512 1550 Georius,
1528 1508 1681 1550 Thomas,
1701 1507 1805 1550 (m¹)‘¹)
1822 1507 1863 1540 de
1879 1507 2004 1540 Zwetel

647 1563 681 1591 et
707 1559 780 1591 ofr⁹¹
803 1558 841 1591 n¹.
893 1558 1064 1591 Udalricus
1093 1559 1134 1591 de
1157 1559 1278 1592 Voraw
1307 1559 1377 1602 pbr.
1399 1563 1434 1592 et
1461 1559 1517 1592 cfr.
1538 1571 1568 1592 ιι.
1619 1564 1664 1592 Fr.
1678 1563 1813 1592 Erasmus
1835 1564 1946 1592 Lehner
1967 1563 2003 1592 de

646 1610 841 1643 Undendorfc)
860 1619 902 1637 cv.
916 1612 946 1637 et
964 1610 1012 1638 cfr.
1026 1619 1052 1637 n.

347 1659 373 1686 9.
457 1659 491 1687 V.
504 1659 542 1687 id.
596 1654 821 1686 chunradus
845 1654 1033 1697 archieps.
1059 1654 1415 1698 Saltzpurgensis.⁴)
1467 1655 1558 1687 Otto
1584 1666 1659 1698 eps.
1678 1655 1855 1696 Patav.⁶)‚
1883 1653 2002 1696 (obla-

646 1706 752 1748 tio)‘¹)
771 1706 806 1746 ¹12
824 1706 888 1738 tal.
905 1708 959 1744 43.
995 1705 1239 1749 [Gremoldus
1255 1706 1333 1748 pbr.
1347 1710 1385 1739 et
1401 1717 1478 1739 can.
1494 1707 1660 1740 ecclesie
1677 1706 2003 1748 Salczpurgensis,

647 1758 712 1790 cfr.
736 1768 765 1789 ιι.
816 1757 1009 1800 Nycolaus
1035 1757 1134 1800 pleb.
1158 1758 1194 1790 in
1223 1757 1263 1790 S⁰
1284 1758 1452 1798 Andrea,
1482 1758 1559 1800 pbr.
1584 1762 1622 1791 et
1648 1757 1712 1790 cfr.
1732 1768 1762 1790 n.
1808 1756 2003 1799 Nycolaus

645 1809 836 1852 quondam
860 1809 943 1842 abb.
961 1809 1006 1842 de
1023 1810 1215 1852 Zwetla⁸)‚
1240 1810 1306 1842 cfr.
1323 1809 1367 1853 n.]
1406 1810 1569 1843 Iohannes
1584 1810 1745 1852 Preydler
1760 1809 2004 1843 Novecellensis

648 1861 718 1903 pbr.
737 1865 770 1893 et
793 1862 850 1893 cfr.
867 1872 896 1893 ιι.
943 1855 1106 1894 Iohannes
1130 1861 1200 1894 dec.
1216 1862 1249 1893 in
1265 1861 1386 1903 Suben,
1409 1861 1480 1904 pbr.
1497 1864 1531 1894 et
1553 1861 1610 1894 cfr.
1626 1873 1657 1893 ιι.
1702 1861 1743 1894 D.
1762 1860 2004 1894 Gholomannus

647 1913 721 1944 abb.
734 1914 767 1944 in
779 1913 1030 1954 Novomonster,
1047 1914 1103 1946 cfr.
1116 1925 1147 1946 n.
1185 1913 1465 1956 D.Wolffgangus
1480 1913 1554 1946 abb.
1567 1913 1700 1954 ibidem,
1717 1913 1773 1945 cfr.
1786 1924 1817 1945 ιι.
1846 1912 1896 1945 VD.
1909 1911 2003 1945 Chri-

645 1969 770 2006 stanus,
805 1965 975 2006 Nicolaus,
1009 1965 1161 2006 Ioannes,
1191 1965 1471 2006 Wartholomeus,
1504 1965 1680 2007 Iohannes,
1712 1965 1781 2007 pbr¹
1807 1968 1841 1997 et
1867 1964 1941 1997 orn-⁹·
1963 1964 2003 1997 n¹.

648 2017 806 2048 Martinus
829 2027 878 2049 ac.
897 2017 1029 2049 ibidem.
1076 2022 1108 2049 D.
1125 2021 1322 2057 sigismundus
1345 2022 1380 2050 de
1402 2022 1622 2058 Reychensperg
1643 2022 1707 2057 pbr.
1723 2023 1753 2049 et
1775 2021 1825 2049 cfr.
1841 2016 1900 2059 2⁸)

334 2072 376 2099 10.
449 2072 496 2100 1V.
510 2071 546 2099 id.
598 2067 800 2101 Herwicus
827 2079 880 2100 cv.
902 2072 939 2101 et
961 2069 1003 2101 fr.
1021 2080 1050 2101 n.
1096 2068 1320 2101 Wolfkerus
1343 2080 1394 2102 cv.
1416 2072 1454 2101 et
1476 2069 1517 2101 fr.
1534 2081 1564 2102 n.
1611 2069 1756 2102 Albero
1780 2079 1831 2101 cv.
1853 2071 1891 2100 et
1913 2068 1956 2100 fr.
1972 2079 2003 2101 n.

647 2119 886 2162 [Chunradus
911 2120 956 2153 de
980 2121 1346 2163 Sighartzchirchen
1370 2121 1468 2163 pleb.
1490 2124 1527 2154 et
1549 2121 1590 2154 fr.
1607 2120 1650 2164 n.]
1694 2120 1859 2153 Ludbicus
1883 2120 1953 2163 pbr.
1971 2122 2005 2153 et

645 2182 687 2204 m.
713 2173 851 2204 ecclesie
882 2173 984 2205 Marie
1016 2173 1148 2215 virginis
1179 2173 1211 2204 in
1242 2172 1366 2215 Campo
1396 2173 1547 2205 liliorum.
1598 2173 1716 2205 Petrus
1744 2182 1808 2204 sac.
1833 2175 1867 2204 et
1894 2183 1937 2204 m.
1962 2170 2004 2204 de

646 2223 780 2264 Zwetel,
805 2224 861 2256 cfr.
879 2235 909 2256 n.
955 2224 1117 2257 Iohannes
1140 2224 1359 2267 Staengansh)
1383 2235 1453 2257 can.
1475 2225 1510 2257 in
1531 2224 1819 2267 Pethersgadem¹)
1843 2226 1877 2256 et
1899 2223 1955 2256 cfr.
1972 2234 2003 2256 n.
2049 2257 2057 2259 ψ

648 2275 811 2308 Iohannes
838 2276 879 2308 de
904 2276 1028 2318 Campo
1052 2276 1193 2308 liliorum
1220 2276 1290 2319 pbr.
1313 2279 1347 2309 et
1369 2277 1426 2310 cfr.
1442 2288 1472 2309 n.
1517 2277 1690 2310 Udalricus
1712 2276 1800 2318 prior
1823 2275 1863 2308 de
1887 2275 2014 2308 Goett-'

648 2326 726 2369 bigo
750 2327 822 2369 pbr.
840 2331 873 2359 et
897 2328 953 2359 cfr.
970 2339 999 2360 ιι.
1038 2328 1161 2360 Paulus
1184 2328 1290 2360 dictus
1305 2328 1435 2361 Frewnt
1457 2328 1528 2371 pbr.
1546 2331 1579 2360 et
1594 2339 1636 2360 m.
1653 2328 1695 2360 de
1710 2327 1834 2360 Zwetla
1850 2330 1883 2360 et
1898 2326 1956 2359 cfr.
1971 2338 2002 2359 n.

648 2378 701 2410 Fr.
720 2379 827 2411 Lucas
855 2379 896 2411 de
921 2379 1104 2412 Goettwico
1127 2380 1196 2422 pbr.
1219 2383 1253 2412 et
1275 2380 1331 2413 cfr.
1348 2391 1379 2412 n.
1424 2381 1563 2413 Ioannes
1593 2380 1634 2412 de
1657 2379 1885 2421 Balthauseffl)
1910 2378 2001 2422 dyac.

648 2433 681 2462 et
710 2430 766 2462 cfr.
787 2441 818 2463 ιι.
869 2430 910 2462 D.
927 2431 1106 2463 Wernerus
1136 2442 1178 2464 ex
1201 2432 1410 2474 Tegernnsee
1438 2431 1508 2474 pbr.
1534 2434 1567 2464 et
1594 2431 1650 2464 cfr.
1671 2442 1702 2463 n.
1752 2431 1806 2463 Fr.
1822 2431 2004 2464 Ieronimus

443 2534 466 2566 ⁸)
485 2535 616 2560 Numerus
641 2535 682 2560 hic
706 2535 897 2567 aliquantulum
922 2545 1020 2562 erasus.
1134 2536 1159 2568 b)
1179 2536 1294 2570 Com-iq..-
1321 2536 1533 2569 Salispurgensis.
1648 2536 1672 2568 0)
1692 2536 1805 2570 Con-iffi:
1831 2537 2003 2563 Undensdorf.

336 2577 361 2610 d)
383 2577 515 2610 supplevi.
603 2578 627 2610 θ)
648 2578 762 2610 Corriq.:
779 2579 1071 2605 Trauttmanstarfferin.
1159 2578 1179 2611 r)
1200 2579 1303 2605 Nomen
1321 2579 1368 2605 Ῑιοο
1386 2580 1471 2605 colore
1489 2579 1568 2605 rubro
1585 2579 1716 2612 scriptum.
1804 2579 1829 2612 Β)
1848 2579 1922 2606 Haec
1940 2584 2002 2605 nota

335 2621 498 2653 neeroloyica
525 2621 637 2646 iteratim
665 2621 769 2654 scripta.
892 2621 918 2653 l¹)
942 2622 1043 2648 Nomen
1069 2623 1117 2648 Ιιοο
1142 2623 1261 2649 radendo
1287 2622 1344 2656 fere
1371 2623 1528 2648 munaum.
1649 2621 1668 2655 ¹)
1693 2622 1716 2648 Ι.
1738 2631 1758 2648 ε.
1784 2623 2001 2656 Berchtesgaden.

335 2662 362 2695 ¹¹)
384 2663 499 2697 Corriq.:
518 2665 696 2690 Waltbausen.

443 2732 463 2764 ¹)
482 2731 620 2758 Iohannes
637 2731 662 2758 Ι.
682 2731 825 2766 Peininyer
847 2735 907 2759 1455
914 2735 1032 2763 —1493..
1127 2733 1148 2765 ²)
1166 2731 1303 2759 Iohannes
1321 2732 1360 2759 ΙΙ.
1379 2731 1481 2766 Stieqer
1497 2735 1674 2766 1459—1467,
1698 2739 1752 2766 quo
1774 2739 1850 2759 anno
1863 2732 2002 2766 praeposi-

337 2777 428 2800 turam
451 2774 610 2808 resiynavit,
636 2774 675 2802 ob.
694 2783 720 2802 a.
738 2778 812 2802 1469.
923 2776 943 2808 ³)
968 2774 1135 2806 Godeffldus
1157 2775 1182 2802 1.
1202 2778 1377 2802 1283—1285.
1485 2776 1506 2809 ⁴)
1529 2775 1552 2803 I.
1577 2779 1743 2803 1106-1147.
1850 2777 1871 2810 ⁸)
1899 2775 1959 2803 Ono
1983 2784 2001 2803 a

338 2816 484 2848 Lonsdorf
498 2820 671 2844 1254—1265.
778 2819 799 2851 ⁸)
819 2818 951 2845 Nicolaus
969 2818 1010 2845 ΙΙ.
1023 2826 1044 2845 c.
1058 2826 1083 2844 α.
1098 2821 1160 2845 1392
1172 2818 1361 2852 praelaturam
1379 2818 1533 2854 resima-ami,
1551 2818 1590 2845 ob.
1605 2826 1679 2846 armo
1695 2821 1721 2846 et
1737 2818 1780 2846 die
1797 2819 1907 2846 incerto.
