2150 3178
352 190 416 220 440
476 186 646 215 ROTULUS
664 186 819 214 NECROL.
833 185 1007 214 COENOBII
1026 186 1158 215 FRATR.
1170 186 1300 216 MINOR.
1315 186 1544 215 OBSERVANT.
1557 186 1894 216 EGGENBURGENSIS.

352 283 380 309 p.
393 273 447 302 vic.
461 273 494 301 fr.
508 273 626 301 Iacobus
644 272 688 300 ob.
701 272 774 300 feris.
792 272 816 301 2.
831 275 896 308 post
913 273 1095 302 nativitatem
1115 273 1203 300 Mario
1221 274 1251 301 et
1269 273 1345 301 iacet
1362 273 1393 300 in
1411 273 1532 306 Labaeo,
1555 273 1606 301 cfr.
1618 273 1750 302 Matheus
1767 274 1786 302 1.
1802 274 1838 302 de
1857 274 1968 303 Villaco
1986 274 2017 302 iu

352 317 468 349 Graecz,
497 316 549 353 cfrt
559 316 685 344 Iustinus
708 315 773 343 cler.
790 315 820 343 in
838 316 961 351 Puping,
989 316 1050 352 pbr.
1064 316 1204 344 Steffanus
1222 316 1290 344 olim
1309 316 1362 344 vic.
1376 315 1508 349 wienne,
1537 315 1585 344 cfr.
1598 316 1735 344 Iohannes
1753 317 1771 345 l.
1790 317 1821 345 in
1838 317 2016 351 Euczestorff,

352 360 401 388 cfr.
417 359 553 395 Roget-ius
571 359 589 386 l.
603 362 695 387 sartor
712 358 741 386 in
759 359 945 392 Lauckabicz,
963 360 1013 388 cfr.
1028 359 1195 388 vincencius
1214 360 1232 388 1.
1246 360 1336 395 pistor
1354 359 1383 387 in
1401 358 1514 387 Graecz.

456 403 490 430 A.
501 403 528 431 d.
541 403 622 430 1514:
641 403 690 430 cfr.
703 402 898 437 Sigismundus
916 412 972 431 sac.
985 412 1049 431 cum
1066 403 1146 431 oculo
1159 403 1246 431 rubeo
1258 403 1288 430 in
1301 403 1388 435 Lews.
1406 403 1456 430 cfr.
1469 403 1592 431 Thomas
1606 403 1640 431 ds
1652 403 1813 432 Amstetteu
1824 411 1881 432 sac.
1893 403 1924 431 in
1935 403 2018 432 Now·

351 447 451 482 burga,
469 447 518 474 cfr.
533 446 696 474 Franciscus
709 454 764 473 sac.
778 446 812 474 de
825 446 898 474 Reor
910 446 1045 481 antiquus
1054 446 1184 479 Wienno,
1203 447 1252 474 cfr.
1262 446 1427 474 Franciscun
1440 446 1457 474 1.
1471 446 1610 474 firmarius
1620 446 1748 479 Wienno,
1766 447 1828 482 pbr.
1841 446 2018 475 Oristofferus
2048 455 2060 476 s

351 490 420 518 olim
439 490 492 518 vic.
509 490 538 517 in
556 489 656 517 Ytalia
674 489 797 517 Perusiis
805 491 842 524 ¹),
867 490 916 518 cfr.
930 490 1088 518 Bernardus
1106 490 1141 518 de
1159 490 1369 518 Schraettental
1386 498 1442 517 sac.
1459 489 1490 517 in
1508 489 1633 523 Labaco,
1657 490 1707 518 cfr.
1720 489 1878 518 Ludovicus
1895 490 1915 518 1.
1927 492 2018 519 sartor

352 533 486 568 antiquus
506 533 630 561 Wienne.
1351 555 1353 559 ,

456 577 488 604 Α.
503 577 528 604 d.
543 577 622 605 1515:
643 577 691 604 cfr.
705 576 853 604 Udalricus
871 577 890 604 l.
903 577 1037 612 antiquus
1055 577 1240 613 ludenburgs,
1259 577 1308 605 cfr.
1321 576 1489 605 Ansheltnus
1502 585 1566 608 sac„
1585 578 1750 612 procurator
1761 577 1950 612 Newnburge,
1968 577 2017 605 etr.

352 619 491 647 Iohannes
509 628 582 654 mag.
601 619 707 647 arcium
725 619 857 652 Wienne,
883 619 931 648 cfr.
945 620 1116 648 Laurencius
1133 628 1190 648 sac.
1207 620 1238 647 in
1257 619 1455 652 Enczestoerff,
1482 620 1531 647 cfr.
1544 619 1737 655 Evaugelista
1755 629 1811 649 sao.
1827 620 1858 648 iu
1875 619 2018 656 Puppiug,

352 663 401 691 cfr.
415 663 521 698 Caspar
539 663 574 691 de
594 663 735 698 Leybnicz
753 671 809 691 sac.
825 663 954 696 Wienne,
973 663 1022 691 cfr.
1035 663 1159 691 Thomas
1178 663 1197 691 1.
1209 665 1301 691 sartor
1318 662 1508 699 Radegundis.
2037 671 2065 692 ιο

455 707 488 734 A.
501 706 527 734 d.
542 707 622 734 1516:
648 707 697 734 cfr.
710 706 858 734 Florianus
875 715 931 734 sac.
944 706 976 734 in
994 706 1083 739 Leve,
1107 707 1155 734 οἰκ.
1168 706 1357 742 Wolfgangus
1375 706 1393 734 Ι.
1407 706 1436 733 iu
1457 706 1490 733 S⁰
1503 705 1630 741 Ypolitm
1649 707 1698 734 cfr.
1711 706 1892 735 Leonhardus
1910 705 2020 734 Stixeu-

352 749 459 777 stainer
481 758 536 777 sac.
550 749 682 781 Wienne.
711 750 760 777 cfr.
774 749 954 778 Leonhardus
978 750 1012 778 do
1031 749 1123 778 Ballis
1145 758 1202 778 sao.
1219 750 1247 777 in
1267 750 1419 785 Velsperg,
1445 749 1494 778 cfr.
1507 749 1693 778 Bonczsslaus
1710 749 1845 785 antiquus
1863 758 1919 778 sac.
1931 749 2020 786 Egen-

352 793 453 828 burge,
478 793 526 820 cfr.
541 792 698 827 Tyburcius
717 793 783 820 cler.
797 793 1008 822 Peterstoerffsr
1025 793 1157 826 Wieune,
1182 793 1231 821 cfr.
1245 792 1414 821 Vincencius
1432 801 1487 821 sac.
1499 792 1671 821 sacristanus
1689 793 1719 820 in
1737 792 1842 827 Swaoz,
1865 793 1914 822 cfr.
1927 793 2020 822 David

354 845 410 864 sac.
423 836 557 870 antiquus
576 836 763 871 ludenburge.

456 880 488 907 A.
502 879 529 907 d.
543 879 623 906 1517:
650 879 698 907 cfr.
712 879 901 914 wolfgangus
922 887 979 907 sac.
995 881 1025 907 et
1047 879 1188 907 confeoeor
1204 878 1386 915 Egenburge,
1411 878 1461 906 cfr.
1474 878 1644 907 Benedictus
1665 887 1722 907 sao.
1737 879 1910 915 guar-dianus
1929 879 2018 908 Rade-
2037 887 2062 908 ιε

352 922 466 958 gundis,
495 923 543 950 cfr.
556 922 692 950 Nicolaus
716 923 734 951 l.
752 923 780 950 in
796 922 944 958 Vehperg,
971 922 1020 950 cfr.
1034 922 1188 957 Procopius
1209 930 1266 950 sac.
1283 922 1312 949 in
1332 921 1456 958 Pupius,
1485 922 1533 950 cfr.
1546 922 1685 950 Iohanne·
1706 922 1741 951 de
1759 923 1894 959 Memyng
1915 930 1972 951 sae.
1989 921 2020 950 in

353 966 465 999 Graecz,
485 966 533 994 cfr.
546 966 691 1000 Sylvester
709 974 764 993 sac.
782 966 811 993 in
832 965 951 997 Fridaw.
970 965 1019 993 cfr.
1033 966 1143 993 Marcus
1161 973 1218 993 sae.
1231 965 1360 999 Wienne,
1378 965 1428 993 cfr.
1441 965 1559 993 Iacobus
1577 974 1641 998 sac..
1660 965 1801 994 confessor
1817 965 1847 994 in
1865 965 2020 1000 BolsanoJ)

456 1010 488 1037 A.
502 1009 528 1036 d.
542 1009 622 1037 1518:
648 1009 697 1037 cfr.
710 1009 891 1037 Leonhardus
909 1009 991 1042 sach)
1011 1009 1140 1042 Wieune,
1162 1009 1212 1037 cfr.
1225 1008 1344 1044 Prosper
1361 1017 1418 1037 sac.
1431 1009 1565 1044 antiquus
1583 1008 1612 1036 in
1630 1009 1777 1045 Vel-pers,
1800 1009 1848 1037 cfr.
1862 1009 2020 1038 Ludovicun

352 1061 409 1080 sac.
428 1052 457 1080 in
475 1052 685 1085 Maidlhausen,
714 1053 775 1088 pbr.
790 1052 983 1088 Archangelus
1006 1052 1074 1080 olim
1094 1051 1146 1080 vic.
1160 1051 1294 1085 Wiemm,
1321 1052 1368 1080 cfr.
1382 1052 1529 1087 Waptista
1547 1053 1565 1080 l.
1582 1054 1674 1080 sartor
1696 1053 1727 1080 in
1745 1052 1943 1086 Encaestoerff,
1971 1052 2021 1080 cfr.

354 1096 534 1124 Leonhardus
552 1096 617 1123 cler.
631 1096 760 1128 Wienne.
779 1096 828 1124 cfr.
840 1095 984 1124 Fabianus
1002 1096 1021 1123 1.
1034 1095 1165 1131 Ungarus
1183 1094 1214 1122 in
1225 1094 1339 1128 Grascx,
1358 1096 1407 1123 cfr.
1421 1095 1586 1123 Francisous
1603 1104 1660 1124 sac.
1673 1095 1702 1123 in
1718 1095 1806 1129 Lews,
1824 1095 1874 1124 cfr.
1887 1095 2022 1124 sumator
2038 1101 2066 1124 ὀ

354 1148 410 1167 sac.
423 1139 558 1174 antiquus
577 1139 606 1166 in
620 1139 706 1172 Lews,
726 1139 775 1167 cfr.
789 1139 928 1167 Iohannes
946 1147 1002 1167 sac.
1015 1139 1043 1166 in
1057 1139 1206 1174 Velsperg,
1225 1138 1274 1167 cfr.
1286 1138 1481 1174 sigismundus
1497 1139 1516 1167 l.
1526 1139 1654 1171 Wienns,
1673 1138 1723 1167 cfr.
1735 1139 1841 1167 Paulus
1855 1138 1875 1168 l.
1886 1138 2021 1175 antiquus

352 1184 382 1210 et
400 1191 483 1210 cocus
503 1182 697 1218 Newnburge.
724 1183 774 1210 cfr.
788 1182 909 1210 Lucidus
927 1182 946 1210 l.
959 1182 1093 1217 antiquus
1111 1181 1140 1209 in
1161 1181 1252 1215 Laws,
1279 1181 1329 1210 cst.
1342 1181 1506 1210 Franciscus
1523 1190 1580 1210 sac.
1592 1181 1622 1209 in
1640 1181 1792 1218 Vehperg,
1819 1183 1869 1211 cfr.
1880 1182 2021 1211 Iohanne·

352 1234 409 1254 sac.
422 1226 583 1259 saecularis,
603 1226 652 1253 cfr.
665 1226 776 1253 Marcus
789 1235 845 1253 sac.
855 1225 984 1259 Wienne,
1003 1225 1052 1253 cfr.
1063 1225 1223 1253 Felicianus
1239 1225 1258 1253 l.
1271 1225 1300 1252 in
1313 1225 1434 1258 Labaeo,
1451 1225 1501 1253 cfr.
1514 1224 1642 1252 Ruffinus
1653 1225 1673 1253 l.
1685 1225 1823 1254 firmarius
1835 1225 1864 1253 in
1876 1225 2021 1258 Swsoosst)

458 1270 489 1296 Α.
502 1269 528 1296 d.
544 1269 623 1297 1519:
648 1269 693 1296 ob.
707 1269 919 1296 Maximilianus
937 1269 1092 1304 imperator
1112 1268 1152 1296 12.
1165 1268 1210 1296 die
1229 1268 1332 1296 mensis
1350 1267 1475 1296 Ianuarii
1493 1268 1524 1296 in
1545 1268 1636 1296 Welsz
1654 1270 1717 1301 etc„
1741 1269 1791 1297 cfr.
1803 1268 1945 1297 Patricius
1962 1277 2019 1298 sae.

354 1312 382 1339 in
402 1312 522 1344 Labaco,
546 1313 595 1340 cfr.
610 1312 756 1347 Waptista
774 1312 793 1340 1.
806 1312 933 1345 Wienue,
957 1312 1007 1340 cfr.
1020 1311 1208 1340 Bernardiuus
1226 1320 1283 1340 sac.
1295 1311 1424 1346 Wienne,
1443 1311 1491 1339 cfr.
1505 1311 1644 1340 Osbaldus
1661 1311 1804 1340 Schremel
1821 1321 1878 1340 sac.
1890 1312 2019 1345 Wienne,
2037 1319 2064 1340 π

356 1355 406 1383 cfr.
418 1355 545 1383 Andreas
564 1356 583 1383 l.
597 1356 724 1388 Wienne,
748 1356 796 1383 cfr.
810 1355 954 1383 Modestus
971 1355 990 1383 l.
1003 1355 1138 1390 antiquus
1157 1355 1186 1382 in
1204 1354 1398 1388 Enczostoerff,
1424 1355 1474 1383 cfr.
1486 1354 1630 1383 Fabianus
1647 1355 1666 1383 1.
1679 1355 1807 1389 Wienne,
1826 1355 2022 1384 ofr.Nioolaus

353 1407 410 1426 sac.
427 1398 456 1426 in
474 1398 592 1432 Graecz,
621 1399 671 1426 cfr.
684 1398 853 1427 Colomanus
871 1407 927 1426 sac.
941 1398 1130 1434 ludenburge,
1154 1398 1204 1426 cfr.
1217 1397 1363 1426 Ckilianus
1381 1407 1437 1427 sac.
1453 1398 1587 1433 antiquus
1605 1398 1738 1432 Wienne,
1765 1399 1815 1427 cfr.
1827 1399 2023 1435 Archangelus

354 1443 421 1470 cler.
435 1442 568 1475 Bononia,
587 1443 638 1470 cfr.
651 1442 773 1470 Thomas
791 1443 810 1470 l.
825 1442 953 1476 Wienne,
971 1443 1022 1470 cfr.
1036 1442 1174 1470 Martinus
1192 1441 1212 1470 l.
1224 1442 1404 1470 Soidenatter
1420 1441 1595 1478 Egenburge.

458 1486 489 1512 A.
504 1486 530 1513 d.
543 1486 624 1514 1520:
651 1486 700 1513 cfr.
714 1486 895 1513 Theobaldus
913 1495 1037 1513 summus
1055 1485 1216 1521 predicator
1234 1484 1368 1518 Wienne,
1394 1485 1443 1513 cfr.
1457 1485 1595 1513 Iohannes
1613 1485 1632 1513 l.
1649 1487 1741 1514 sartor
1759 1485 1947 1520 ludenburge.
1973 1485 2022 1515 eft.

354 1529 518 1557 Ambrosius
537 1529 572 1557 de
591 1529 683 1557 Hallis
700 1538 758 1557 sac.
771 1529 904 1562 Wienne.
930 1529 979 1557 cfr.
993 1528 1159 1557 Colomanus
1178 1529 1243 1557 cler.
1256 1528 1388 1561 Wienne,
1413 1528 1463 1557 cfr.
1477 1529 1665 1557 Bernardinus
1682 1529 1717 1556 ds
1734 1528 1908 1557 Enczestorff
1921 1536 1977 1557 sao.
1989 1528 2020 1556 in
2038 1535 2066 1557 ω

354 1572 554 1606 Enczestoerff,
582 1573 631 1600 cfr.
646 1572 769 1600 Brictius
791 1581 847 1600 sac.
867 1573 896 1599 in
915 1572 1066 1608 Velsperg,
1096 1573 1145 1600 cfr.
1159 1572 1340 1600 Marcellinus
1361 1580 1419 1600 sao.
1431 1571 1623 1605 Noenstettel,
1650 1573 1732 1606 reme)
1757 1580 1786 1607 p.
1802 1571 1942 1608 generalis
1961 1571 2023 1608 pbr.

355 1616 494 1644 Lechetus
507 1616 536 1643 in
550 1616 639 1649 Buda,
658 1616 707 1643 cfr.
721 1616 849 1644 Clemens
866 1616 883 1643 l.
895 1615 1025 1649 Wienne,
1043 1616 1094 1643 cfr.
1104 1615 1333 1643 Wartholomeus
1346 1615 1364 1643 l.
1376 1614 1515 1643 firmarius
1527 1615 1655 1648 Wisune,
1674 1615 1723 1643 cfr.
1733 1615 1838 1643 Paulus
1850 1615 1886 1642 de
1898 1614 2023 1643 Weittra

355 1659 534 1694 praedicator
552 1659 582 1686 in
600 1659 721 1692 Swaecz,
740 1659 789 1687 cfr.
803 1659 906 1687 Petrus
924 1659 958 1687 de
977 1659 1077 1686 Stencz
1095 1667 1151 1687 sae.
1164 1658 1277 1686 Graeca.

459 1704 492 1730 A.
505 1703 531 1730 d.
545 1703 627 1730 1521:
646 1703 695 1730 cfr.
709 1703 866 1737 Leopoldus
884 1711 941 1730 sac.
955 1702 989 1730 de
1007 1702 1040 1730 S⁰
1050 1702 1199 1738 Ypolitod)
1217 1702 1247 1730 in
1263 1702 1298 1730 S⁰
1307 1701 1434 1737 Ypolito,
1452 1702 1502 1729 cfr.
1512 1701 1677 1730 Walthasar
1694 1702 1729 1730 de
1742 1702 1827 1730 Prato
1834 1703 1857 1736 ο)
1869 1701 1948 1737 regio
1965 1710 2022 1730 sac.
2054 1726 2057 1728 .

355 1745 385 1772 in
397 1745 486 1781 Ryed‚
505 1746 554 1774 cfr.
565 1746 794 1774 Wartholomeus
813 1746 840 1778 l.‚
860 1747 1025 1780 procurator
1041 1745 1167 1779 Wienne,
1186 1745 1236 1773 cfr.
1249 1745 1371 1772 Thomas
1389 1745 1408 1773 1.
1421 1747 1512 1773 sartor
1523 1745 1652 1778 Wienne,
1670 1745 1720 1772 cfr.
1732 1745 1880 1780 luniperus
1898 1745 1916 1772 l.
1929 1747 2021 1774 sartor
2038 1750 2064 1772 π

354 1788 383 1816 in
397 1789 591 1822 Enczestoerfl',
610 1789 659 1816 cfr.
673 1788 813 1816 Marianus
825 1797 890 1822 sac„
910 1788 1070 1824 predicator
1083 1789 1212 1822 Wienne,
1231 1789 1280 1816 cfr.
1293 1788 1402 1817 Marcus
1415 1789 1480 1816 cler.
1493 1788 1523 1815 in
1534 1788 1568 1816 S⁰
1578 1788 1704 1823 Ypolito,
1723 1789 1772 1816 cfr.
1785 1788 1944 1824 Leopoldus
1955 1796 2020 1822 sao„

355 1832 495 1859 confessor
513 1831 540 1859 in
561 1832 594 1859 So
607 1832 732 1868 Ypolito,
751 1832 801 1859 cfr.
814 1832 954 1859 Adrianus
965 1840 1028 1859 sac.
1041 1831 1076 1859 de
1090 1831 1216 1860 Castinio
1234 1831 1263 1859 in
1281 1832 1368 1865 Lem,
1387 1831 1436 1859 cfr.
1449 1831 1581 1859 Erasmus
1599 1831 1664 1860 cler.
1678 1832 1708 1859 in
1721 1832 1809 1866 Lews,
1827 1832 1876 1860 cfr.
1889 1832 2023 1860 Albertus

355 1876 420 1903 cler.
434 1884 497 1903 nov.
510 1875 690 1911 Egerit-urge,
718 1876 768 1903 cfr.
779 1875 947 1903 Valentinus
970 1875 988 1902 1.
1007 1877 1098 1903 sartor
1120 1875 1151 1902 in
1174 1875 1300 1908 Labsco,
1327 1875 1377 1903 cfr.
1390 1875 1527 1902 Iohannes
1549 1883 1606 1903 sac.
1624 1875 1659 1903 de
1683 1875 1794 1903 Swaeez
1813 1875 1945 1908 Wienne,
1973 1875 2022 1903 cst.

355 1919 471 1947 Kabriel
490 1928 546 1947 sac.
564 1919 598 1946 de
618 1919 728 1955 Byldon
751 1919 780 1946 in
800 1919 891 1952 Lem,
918 1919 967 1946 cfr.
982 1919 1120 1946 Iohannes
1138 1919 1158 1946 l.
1174 1918 1204 1945 in
1222 1918 1314 1951 news,
1341 1918 1391 1946 cfr.
1403 1918 1564 1946 Leonardus
1581 1927 1638 1947 sac.
1655 1918 1690 1946 ds
1709 1918 1831 1947 Ketsche
1854 1918 1883 1946 in
1901 1918 2022 1951 Labaeo.

355 1962 404 1990 cfr.
417 1962 576 1990 Leonardus
599 1962 633 1990 de
653 1962 771 1997 Oetting
789 1962 961 1997 guardianus
985 1961 1014 1989 in
1034 1961 1125 1995 Lews,
1151 1961 1200 1990 cfr.
1213 1962 1332 1997 Magnus
1350 1970 1407 1990 sac.
1420 1961 1552 1995 Wisnne,
1577 1961 1626 1989 cfr.
1639 1961 1804 1990 Franciscus
1822 1970 1877 1990 sac.
1891 1961 2018 1996 Wienne,
2037 1968 2065 1988 ιο

355 2005 404 2033 cfr.
418 2006 519 2041 Ioseph
538 2014 594 2032 sac.
607 2006 642 2033 de
660 2005 773 2033 Swaecz
790 2005 920 2038 Wienne,
939 2005 988 2033 cfr.
1000 2004 1103 2039 Symon
1122 2013 1178 2033 sac.
1191 2005 1226 2033 de
1244 2004 1357 2032 Swascz
1375 2004 1504 2037 Wienns,
1522 2004 1572 2032 cfr.
1585 2004 1759 2040 Augustinus
1777 2012 1842 2038 sac„
1861 2004 2022 2040 predicator

355 2048 484 2081 Wienne,
510 2049 559 2076 cfr.
573 2048 695 2076 Basilius
714 2057 770 2076 sac.
784 2048 812 2075 in
830 2048 1026 2081 Enczestoerff,
1046 2048 1095 2076 cfr.
1108 2048 1216 2076 Ieorius
1234 2048 1345 2084 Okeppl
1364 2047 1532 2082 predicator,
1551 2056 1607 2076 sac.
1621 2048 1748 2081 Wienne,
1766 2048 1815 2075 cfr.
1828 2048 2019 2083 Lampon-tuuf)

356 2091 421 2118 cler.
434 2091 464 2118 in
478 2091 672 2124 Enczestoerffi
693 2091 742 2119 oft.
756 2091 839 2118 Vitus
857 2091 892 2119 de
911 2091 1059 2119 Ptauueck
1077 2091 1143 2119 cler.
1157 2091 1284 2123 Wienne,
1302 2091 1351 2119 cfr.
1365 2091 1555 2119 Beruardinus
1573 2092 1639 2119 cler.
1650 2091 1778 2125 Wienne,
1795 2091 1845 2119 cfr.
1857 2091 2021 2120 Bonifacius

355 2134 420 2162 cler.
434 2134 488 2168 (se)
496 2136 521 2167 8)
534 2134 723 2169 Radegunffis,
737 2134 786 2162 cfr.
797 2134 930 2162 Albertus
944 2135 1009 2162 cler.
1022 2143 1086 2163 nov.
1099 2134 1275 2170 Egenburge,
1288 2134 1338 2162 cfr.
1352 2134 1459 2170 Caspar
1471 2135 1489 2162 l.
1502 2135 1629 2168 Wienne,
1642 2135 1692 2163 cfr.
1705 2135 1852 2170 Iuniperus
1863 2135 1883 2163 1.
1893 2135 2021 2168 Wisnne,

356 2177 405 2205 cfr.
419 2177 558 2204 Osbaldus
571 2177 589 2204 l.
603 2177 728 2210 Wienne‚
745 2178 795 2205 cfr.
809 2177 973 2205 Franciscus
985 2177 1159 2212 guardianus
1170 2177 1312 2205 Greswein
1325 2177 1379 2212 (80)
1390 2177 1581 2213 Radegundis,
1600 2178 1649 2206 cfr.
1660 2178 1830 2206 Laurencius
1843 2179 1947 2207 Reczer
1963 2187 2021 2208 sae.
2039 2183 2065 2204 ⁴⁵

356 2221 410 2254 (8⁰)
424 2220 613 2256 Radegundis,
627 2221 675 2248 cfr.
688 2221 881 2256 Archangelus
896 2221 962 2248 cler.
974 2221 1028 2254 (80)
1043 2221 1232 2256 Radegundss,
1245 2221 1294 2248 cfr.
1307 2221 1412 2248 Michel
1423 2221 1442 2249 l.
1455 2223 1546 2249 sartor
1562 2221 1616 2255 (SO)
1630 2221 1818 2258 Radegundis‚
1831 2222 1880 2249 cfr.
1892 2221 2023 2257 Raphasl

355 2272 421 2297 sac„
440 2264 580 2291 confessor
593 2263 718 2295 Wienne,
737 2264 786 2291 cfr.
801 2264 990 2291 Bernardinus
1009 2273 1064 2291 sac.
1078 2264 1108 2291 in
1128 2264 1274 2299 Velsperg,
1293 2264 1342 2292 cfr.
1355 2264 1513 2292 Beruardus
1531 2266 1623 2292 sartor
1640 2265 1658 2292 l.
1671 2265 1798 2298 Wienne¹
1817 2265 1867 2293 cfr.
1881 2265 2022 2293 Aehsoiua

355 2307 373 2334 1.
384 2307 413 2334 in
426 2307 459 2335 S0
469 2306 595 2342 Ypolito‚
609 2307 657 2334 cfr.
667 2306 806 2334 Osbaldus
817 2307 882 2335 cler.
895 2307 924 2334 in
936 2307 1131 2340 Enczestoerff,
1145 2307 1193 2334 cfr.
1204 2307 1357 2335 Mauricius
1369 2316 1426 2336 sac.
1437 2307 1565 2340 Wienne,
1577 2308 1626 2335 cfr.
1637 2307 1776 2336 Achacius
1788 2316 1844 2335 sao.
1852 2307 1981 2343 Wysnne
1987 2308 2022 2342 ιἱ),

356 2351 406 2379 cfr.
419 2350 584 2378 Frauciscus
603 2350 637 2378 de
657 2350 834 2385 Lanczsperg
851 2359 908 2378 sac.
922 2351 1113 2386 Newnburge‚
1140 2351 1189 2378 σᾶ.
1203 2351 1355 2378 Ieronimus
1374 2359 1430 2379 sac.
1443 2351 1631 2388 Newnburge‚
1656 2352 1705 2379 cfr.
1718 2351 1818 2379 Petrus
1835 2351 1870 2379 de
1889 2351 1947 2379 [aaa
1964 2359 2021 2380 sao.

356 2394 544 2428 Newnburge,
564 2394 612 2420 cfr.
626 2393 730 2421 Ieorius
749 2394 783 2421 de
796 2394 880 2421 Ulma
898 2394 916 2421 l.
931 2394 1119 2429 Newnburge,
1138 2395 1187 2421 cfr.
1200 2393 1402 2422 Constantinus
1417 2394 1436 2422 1.
1449 2395 1483 2422 de
1495 2394 1608 2422 Swaeoz
1625 2394 1656 2422 in
1668 2394 1701 2422 S⁰
1710 2394 1836 2430 Ypolito,
1856 2394 1905 2422 cfr.
1918 2394 2023 2422 Paulus
2039 2399 2067 2419 δῦ

357 2438 390 2464 de
410 2437 514 2464 Graecz
533 2438 597 2465 cler.
611 2437 640 2463 in
659 2437 801 2469 Paradiso,
829 2437 878 2465 cfr.
891 2437 1038 2472 Waptista
1057 2438 1076 2465 l.
1090 2438 1119 2465 in
1134 2438 1278 2473 Vela-apag,
1305 2438 1354 2465 cfr.
1369 2438 1508 2473 Agapitns
1526 2438 1545 2466 1.
1558 2438 1605 2465 fri·
1622 2438 1734 2473 Ypoliti
1751 2438 1782 2465 in
1800 2438 1945 2473 Velsperg,
1973 2438 2021 2465 cfr.

356 2480 507 2508 Hainricus
525 2489 581 2508 sac.
595 2482 624 2507 et
635 2480 757 2515 scriptor
775 2481 829 2515 (8⁰)
842 2481 1030 2515 Radegundis,
1050 2482 1098 2508 cfr.
1112 2481 1249 2509 Iohannes
1267 2490 1321 2508 sac.
1336 2481 1389 2516 (Se)
1403 2481 1592 2517 Radegundis,
1612 2481 1661 2509 cfr.
1674 2481 1774 2510 Petrus
1791 2490 1847 2509 sae.
1859 2481 1890 2508 in
1901 2481 2022 2514 Swaecz,

358 2524 407 2551 cfr.
421 2524 559 2552 Iohannes
577 2524 611 2551 de
630 2523 746 2550 Lindaw
765 2532 821 2550 sac.
839 2524 868 2550 iu
886 2523 1010 2557 Swaecz,
1040 2524 1089 2552 cfr.
1103 2525 1239 2552 Melchior
1256 2533 1326 2557 sac„
1351 2524 1404 2552 vic.
1422 2524 1477 2552 loci
1494 2525 1686 2560 Newnburge,
1714 2525 1762 2552 cfr.
1776 2524 1937 2552 Ambrosius
1956 2524 2021 2552 cler.

461 2624 485 2656 ⁸)
503 2625 586 2650 Parus
609 2633 665 2649 cum
688 2624 784 2650 incerto
807 2625 1004 2650 abbreviationis
1027 2625 1111 2657 siquo,
1130 2625 1185 2651 cod.
1291 2624 1317 2658 b)
1336 2624 1457 2650 Adicitur
1479 2625 1592 2658 m'ynumt
1614 2623 1649 2658 Ε)
1753 2624 1777 2657 ⁰)
1795 2625 1944 2652 referendus
1965 2625 2021 2651 cod.

358 2666 383 2698 d)
403 2669 433 2693 de
446 2668 549 2700 Ypolito
572 2668 662 2692 eadem
685 2676 766 2692 manu
785 2669 936 2701 suppletum.
1043 2668 1066 2701 θ)
1085 2670 1163 2694 Brato
1176 2668 1231 2694 cod.
1336 2667 1356 2700 s)
1377 2667 1497 2701 Sequitur
1509 2668 1631 2694 deletum:
1649 2669 1740 2694 laicus.
1845 2668 1870 2701 Β)
1890 2667 2021 2702 Supplevi.
2039 2674 2066 2693 5⁵

358 2709 383 2742 h)
403 2711 476 2736 Haec
496 2716 557 2736 nota
576 2711 603 2735 in
624 2711 741 2743 marqine
759 2712 885 2743 suppleta.

465 2784 485 2815 ¹)
507 2782 656 2809 Com-entus
669 2783 846 2809 Bolsanensis
858 2791 883 2809 a.
898 2786 958 2810 1514
970 2791 987 2809 a
1000 2782 1132 2817 religiosis
1144 2781 1359 2815 quattuordecim
1372 2782 1476 2810 cenobii
1487 2781 1666 2810 Schwazensis
1677 2783 1708 2809 in
1723 2782 1805 2810 Tiroli
1817 2784 1962 2816 occupatus
1974 2784 2021 2809 est.

360 2827 381 2859 ²)
401 2825 545 2852 Cenobium
565 2825 735 2852 Schwasense
753 2835 779 2852 a.
794 2830 857 2853 1507
871 2825 1023 2860 primordia
1043 2826 1118 2860 cepit,
1862 2835 1866 2839 ’
