2150 3178
531 192 797 221 NECROLOGIUM
816 191 1004 218 CANONIAE
1022 191 1071 218 AD
1090 191 1116 219 S.
1129 190 1378 218 HIPPOLYTUM.
1721 193 1781 222 541.

439 279 508 312 cfr.
530 278 572 321 n.]
627 278 789 310 Fridricus
818 288 864 310 cv.
888 277 928 310 de
959 277 1255 319 Pangartenperig,
1293 278 1348 309 cfr.
1370 288 1399 309 n.
1454 277 1506 308 Fr.
1529 276 1690 308 Iohannes
1719 287 1783 308 sac.

389 335 394 339 '
438 334 471 362 et
500 341 541 362 m.
568 333 600 362 et
627 330 683 361 cfr.
701 341 730 361 n.
776 326 964 371 ¹Stephanus
993 329 1079 371 pleb.
1103 330 1135 360 ixl
1158 329 1307 370 Pruegk,
1340 329 1408 371 pbr.
1435 332 1468 361 et
1490 328 1527 360 fr.
1545 339 1574 360 n.
1623 328 1785 360 Iohannes

437 383 553 422 senior,
579 381 665 423 olym
688 381 758 412 (166.
775 381 807 411 in
825 381 1047 421 Walthausen,
1071 380 1140 422 pbr.
1158 383 1191 412 et
1209 381 1264 411 cfr.
1282 392 1312 411 n.
1358 380 1520 412 Arnoldus
1537 380 1606 422 pbr.
1625 379 1665 411 de
1682 379 1784 411 Goet-

438 433 524 474 bico⁷
556 433 612 464 cfr.
635 443 664 463 n.
718 433 830 474 Agnes
858 432 1040 463 Eustalerin
1068 432 1108 463 de
1133 431 1268 463 Secovia
1297 442 1420 463 consor.
1444 443 1474 462 n.
1520 431 1715 462 wilhelmus
1744 430 1785 462 (16

440 484 620 526 Tyrnstayn
642 484 712 525 pbr.
736 486 769 514 et
791 483 845 514 cfr.
862 494 891 514 n.
938 483 1097 514 Henricus
1120 482 1332 514 Neunhauser
1356 483 1424 515 dec.
1446 483 1486 514 de
1509 482 1784 524 Berchtesgaden‚

436 535 506 577 pbr.
528 539 561 567 et
588 535 644 566 cfr.
662 546 692 566 n.
738 539 771 566 D.
789 539 930 566 Steffanus
954 539 1127 574 Gugelweitt
1149 540 1183 566 de
1206 539 1365 574 Newburga
1387 539 1448 574 pbr.
1464 540 1494 566 61,
1517 540 1567 566 cfr.
1583 548 1612 566 n.
1658 538 1782 565 Christo-

439 586 542 621 phorus
555 586 589 613 de
602 585 741 612 Lambaeo
755 585 815 619 pbr.
829 586 858 612 et
871 585 918 612 cfr.
929 594 955 611 n.
970 586 1009 612 14.
1023 585 1068 612 die
1082 585 1247 612 Novembris
1261 585 1358 618 (15)33.
1386 585 1511 612 Andreas
1525 585 1640 612 Tinctor
1654 604 1760 612 .....
1762 586 1786 618 “)

133 638 173 665 15.
205 637 293 665 XVII.
306 637 362 664 kal.
390 633 480 665 Otto
502 634 546 665 de
559 632 680 675 Wald,
705 633 852 664 oblatio
870 634 914 664 36
931 636 1092 664 metrete
1110 634 1239 664 tritici.
1279 635 1318 664 A.
1336 634 1367 665 d.
1388 635 1480 665 1348
1501 633 1555 664 ob.
1572 633 1608 664 in
1625 632 1787 663 Secovia

441 687 459 716 6
484 690 590 724 καθ’,
618 684 725 726 <lyaei
749 687 785 715 et
808 683 988 725 subdyaci
1012 687 1048 715 et
1073 686 1114 715 37
1140 689 1233 715 sor¹³⁸
1256 684 1356 716 infra
1379 685 1547 726 spacium
1574 687 1616 715 14
1641 684 1786 716 dierum

441 739 478 768 et
507 738 525 768 3
549 735 605 767 cvi
627 736 779 767 ibidem.
827 734 1053 778 [Stephanus
1082 735 1258 776 subdyac.
1281 739 1318 767 et
1340 747 1397 776 m.‚
1430 736 1494 767 cfr.
1517 747 1547 767 n.
1577 735 1621 767 de
1646 735 1786 776 Campo

439 788 619 819 liliorum.
665 786 817 818 Ulricus
840 797 891 818 cv.
908 786 1050 817 ibidem
1074 790 1111 817 et
1135 787 1197 818 cfr.
1215 798 1244 818 n.
1285 787 1341 818 Fr.
1358 787 1580 819 Valentinus
1604 787 1647 818 (16
1664 787 1786 818 Nova-

441 839 540 871 cella
569 842 607 871 et
636 839 700 870 cfr.
722 849 751 869 n.
802 838 992 869 Iohannes
1021 837 1282 879 Siernikcher,
1316 839 1467 870 oblacio
1498 841 1542 870 60
1561 842 1582 875 «ᾖ.
1633 838 1789 870 Ulricus

439 901 545 933 ppos.
562 890 598 921 in
614 890 789 931 Stentz¹)‚
810 889 887 931 pbr.
906 892 943 920 et
959 889 1022 920 cfr.
1039 901 1069 920 n.
1108 889 1297 922 Iohannes
1313 891 1390 931 pbr.
1409 891 1452 922 (16
1469 890 1789 932 Paugartenperg

441 945 478 974 et
501 942 564 973 cfr.
582 940 622 984 n.]
660 941 832 982 Iohannes,
856 940 1037 982 Ladislaus‚
1062 940 1130 982 pbr¹
1154 945 1186 972 et
1209 942 1249 972 mi
1273 941 1309 972 8⁸
1330 942 1486 983 Dorothe,
1518 942 1589 973 cfr⁰¹³
1611 942 1649 973 ni.
1696 941 1786 983 Hay-

441 993 588 1025 denricus
611 992 652 1024 de
668 992 900 1034 Herczoburga
924 992 992 1033 pbr.
1011 995 1044 1023 et
1062 992 1118 1023 cfr.
1137 1003 1164 1024 n.
1211 993 1251 1024 D.
1269 992 1436 1025 sewaldus
1460 994 1500 1025 de
1517 994 1695 1025 Novacella
1717 993 1786 1035 pbr.

442 1047 475 1076 et
497 1045 553 1076 cfr.
570 1055 600 1075 n.
649 1044 690 1075 D.
707 1044 823 1075 Petrus
854 1043 894 1075 de
919 1044 1124 1085 Landtsperg
1151 1044 1360 1076 beneficiator
1392 1045 1423 1075 in
1447 1044 1642 1085 Viechofen,
1673 1044 1729 1076 cfr.
1746 1055 1788 1084 n.‚

442 1096 565 1137 (14)88.
610 1095 651 1127 D.
667 1095 880 1127 Leonhardus
908 1106 949 1127 ex
972 1094 1217 1137 Reichensperg
1241 1095 1309 1136 pbr.
1332 1099 1365 1127 et
1392 1096 1447 1127 cfr.
1469 1107 1498 1127 n.
1545 1096 1584 1127 D.
1602 1096 1788 1128 Rudbertus

441 1147 675 1189 Pawngartner
705 1147 744 1178 (16
767 1146 975 1188 Newnburga
999 1146 1067 1188 pbr.
1089 1151 1121 1178 et
1145 1147 1200 1178 cfr.
1218 1158 1247 1178 n.
1293 1152 1327 1178 D.
1345 1151 1483 1186 Georgius
1507 1152 1542 1179 de
1566 1152 1598 1179 S·
1614 1152 1701 1178 Cruce
1725 1151 1787 1186 pbr.

441 1199 471 1224 et
490 1197 538 1224 cfr.
552 1207 578 1224 11.
615 1197 648 1224 D.
661 1197 787 1225 Andreas
806 1197 867 1224 List
885 1197 918 1224 de
938 1197 970 1223 S⁰
983 1197 1094 1224 Andrea
1112 1198 1173 1231 pbr.
1186 1199 1215 1224 et
1234 1198 1282 1224 cfr.
1296 1207 1321 1224 n.

133 1251 174 1278 16.
220 1249 292 1276 XVI.
306 1249 363 1276 kal.
390 1245 595 1278 Heinricus
612 1245 771 1277 Grezzlo
795 1245 873 1287 pbr.
890 1249 926 1276 et
943 1245 1006 1276 cfr.
1024 1256 1053 1276 n.
1094 1245 1299 1286 Wigandus
1323 1246 1399 1286 pbr.
1418 1252 1455 1276 et
1471 1246 1512 1277 fr.
1526 1257 1555 1277 n.
1595 1245 1789 1287 Sigmarus

442 1300 479 1329 et
501 1308 557 1328 ux.
575 1307 642 1328 sua
665 1297 840 1328 Perchta.
887 1296 1091 1339 [Gedrudis
1114 1302 1174 1328 evn
1198 1297 1242 1328 de
1264 1297 1443 1337 Sekovia,
1475 1308 1544 1329 sor.
1561 1309 1591 1329 n.
1640 1297 1790 1328 Ulricus

441 1358 512 1380 sac.
538 1351 574 1380 et
603 1359 645 1380 m.
668 1348 713 1380 de
743 1348 784 1379 S*
806 1348 940 1389 Cruce,
971 1348 1034 1379 cfr.
1055 1359 1084 1379 n.
1139 1350 1268 1390 Agnes
1296 1348 1388 1380 abba
1419 1350 1453 1379 in
1478 1349 1518 1380 S⁰
1542 1348 1787 1390 Bernhardo.]

436 1400 605 1435 'Fridricus
620 1399 878 1432 Herberstorffer
901 1399 942 1431 de
959 1399 1095 1431 Secovia
1118 1410 1192 1441 sac„
1217 1400 1272 1431 cfr.
1288 1411 1317 1431 n.
1364 1399 1534 1431 Udalricus
1550 1400 1653 1432 dictus
1666 1400 1788 1431 Wolfs-

440 1462 559 1493 pei-ger
587 1451 708 1483 ibidem
739 1451 808 1493 pbr.
835 1454 868 1483 et
897 1451 953 1482 cfr.
976 1462 1006 1482 n.
1057 1451 1096 1483 D.
1115 1451 1256 1483 Thomas
1287 1451 1327 1483 (16
1356 1451 1587 1493 Herezoburga
1618 1455 1651 1483 et
1681 1452 1737 1483 cfr.
1758 1463 1788 1483 n.

441 1503 535 1534 Anna
558 1503 756 1544 Lobingerin
779 1502 820 1534 de
837 1502 973 1534 Secovia
997 1513 1119 1535 consor.
1138 1514 1167 1534 n.
1213 1503 1385 1534 Hainricus
1408 1503 1448 1534 de
1465 1503 1695 1544 Herczoburga
1718 1503 1787 1544 pbr.

441 1558 474 1586 et
497 1554 552 1586 cfr.
569 1565 599 1585 n.
644 1554 828 1586 Fridericus
855 1554 896 1586 de
920 1554 1151 1596 Herczoburga
1179 1554 1248 1596 pbr.
1267 1557 1299 1586 et
1322 1554 1377 1587 cfr.
1395 1566 1424 1585 n.
1471 1554 1522 1585 Fr.
1539 1554 1660 1585 Paulus
1683 1554 1790 1586 senior

441 1605 510 1647 pbr.
527 1606 620 1637 monii
635 1607 668 1637 in
684 1605 901 1638 Seitensteten
925 1610 958 1638 et
981 1606 1037 1638 cfr.
1054 1606 1115 1647 n.¹‘)
1160 1606 1201 1638 D.
1214 1606 1431 1648 Wolfgangus
1449 1617 1490 1638 ex
1508 1605 1755 1637 Seissenstetten
1763 1606 1788 1646 ⁰)

441 1657 510 1699 pbr.
533 1660 567 1688 et
593 1657 648 1689 cfr.
672 1668 702 1688 n.
754 1658 793 1689 D.
812 1657 1039 1689 Ohristofferus
1070 1658 1110 1689 de
1135 1657 1429 1689 Trawttmanstarff
1449 1668 1516 1699 eps.
1540 1657 1741 1689 Secoviensis
1751 1657 1790 1698 2),

441 1708 497 1740 cfr.
515 1720 544 1740 n.
589 1709 724 1751 Brigida
752 1709 814 1740 mu·
838 1709 880 1740 ad
903 1709 964 1740 Sum
988 1709 1142 1740 Iacobum
1166 1709 1312 1748 Wienn..
1343 1719 1466 1740 consor.
1484 1720 1513 1740 n.
1558 1708 1611 1740 Fr.
1629 1708 1790 1740 Steffanus

441 1760 481 1792 de
513 1759 551 1791 S‘
573 1760 740 1792 Dorothea
776 1761 832 1792 cfr.
857 1772 886 1792 n.
945 1761 985 1792 D.
1011 1761 1200 1792 Leonardus
1237 1760 1278 1792 de
1310 1760 1346 1791 S³³
1369 1760 1491 1793 Cruece
1527 1760 1595 1802 pbr.
1619 1763 1652 1791 et
1680 1759 1735 1791 cfr.
1756 1770 1786 1790 n.

442 1811 472 1837 D.
486 1811 673 1845 Wolfgangus
693 1811 824 1845 Aspeckh
842 1811 877 1838 de
896 1811 928 1838 Sa
941 1811 1082 1838 Dorothea
1100 1811 1161 1846 pbr.
1174 1813 1204 1838 et
1222 1812 1268 1838 cfr.
1284 1821 1309 1837 n.

132 1861 174 1889 17.
233 1862 293 1890 XV.
307 1863 364 1890 kal.
394 1858 619 1890 Ohunradus
651 1859 827 1900 subdyac.
854 1863 892 1891 et
924 1860 965 1891 fr.
991 1870 1020 1890 n.
1079 1859 1222 1901 [Gewta
1255 1865 1314 1891 cv³
1347 1863 1385 1891 et
1415 1870 1485 1890 sor.
1510 1870 1540 1890 n.
1598 1859 1787 1891 Iohannes

443 1909 809 1952 Chaeczenprenaer
836 1911 1002 1942 ecclesie
1031 1911 1058 1942 si
1081 1911 1242 1952 Nycolai
1270 1911 1334 1942 cfr.
1357 1910 1399 1953 n.]
1446 1910 1600 1941 Nicolaus
1623 1910 1719 1942 Fress
1746 1911 1787 1942 de

440 1961 678 2004 Reichersperg
698 1962 767 2003 pbr.
786 1966 819 1993 et
834 1962 890 1994 cfr.
904 1973 933 1994 n.
972 1962 1133 1994 Iohannes
1156 1963 1196 1994 de
1213 1962 1353 1994 Medlico
1378 1962 1445 2004 pbr.
1464 1965 1496 1993 et
1513 1962 1567 1993 cfr.
1581 1973 1611 1993 n.
1650 1961 1788 1993 Georius

443 2013 484 2044 (16
501 2013 665 2055 Tegernse
688 2013 757 2055 pbr.
775 2017 808 2045 et
823 2014 879 2045 cfr.
897 2025 926 2045 n.
967 2014 1151 2046 Cristannus
1168 2015 1236 2055 pbr.
1254 2014 1284 2044 in
1302 2014 1421 2045 Voraw
1435 2016 1470 2045 et
1486 2014 1541 2044 efr.
1558 2024 1588 2044 n.
1624 2013 1664 2045 D.
1680 2014 1786 2045 Bene-

442 2064 544 2096 dictus
575 2065 615 2096 de
646 2065 681 2096 S*
706 2065 818 2113 Cruce-
840 2066 909 2107 pbr.
934 2069 966 2097 et
996 2065 1051 2097 cfr.
1075 2077 1104 2097 n.
1156 2071 1189 2097 D.
1210 2070 1320 2097 Blasius
1343 2070 1458 2104 Steyzer
1485 2069 1559 2104 pleb.
1579 2069 1608 2096 in
1628 2070 1787 2104 WiUering,

440 2116 501 2150 pbr.
520 2118 548 2142 et
572 2116 620 2143 cfr.
638 2125 663 2142 n.
704 2116 735 2143 D.
749 2116 933 2151 Volffgangus
956 2116 1157 2144 Mittereckher
1175 2116 1356 2143 beneficiatus
1380 2116 1409 2142 in
1429 2117 1533 2150 Anger,
1562 2116 1622 2150 pbr.
1642 2118 1669 2142 et
1695 2116 1741 2142 cfr.
1761 2126 1787 2143 n.

440 2159 471 2185 D.
485 2158 606 2186 Michael
625 2159 703 2186 Muer
721 2167 754 2186 ex
777 2159 1000 2193 Seit(enstetten)
1020 2160 1080 2194 pbr.
1094 2162 1123 2189 et
1142 2160 1190 2186 cfr.
1203 2169 1229 2186 n.

133 2209 175 2236 18.
224 2209 296 2236 XIV.
310 2209 366 2236 kal.
394 2206 619 2238 Ohunradus
635 2206 712 2248 pbr.
725 2206 1053 2249 Neunburgensis,
1070 2208 1134 2238 cfr.
1149 2218 1178 2238 n.
1218 2206 1367 2249 [Ioseph
1385 2217 1461 2237 can.
1479 2206 1643 2238 ecclesie
1661 2206 1686 2237 si
1703 2206 1787 2237 Flo-

440 2258 551 2298 riani,
580 2258 656 2299 pbr.
675 2261 711 2290 et
734 2258 799 2290 cfr.
816 2270 845 2290 n.
890 2258 1091 2290 Gotfridus
1114 2259 1193 2300 pbr.
1210 2259 1376 2290 ecclesie
1392 2258 1645 2298 Vorowensis,
1675 2257 1738 2289 cfr.
1756 2269 1786 2289 n.

440 2309 646 2341 Heinricus
670 2310 794 2341 dietus
811 2310 1010 2352 Hainpech
1034 2311 1111 2352 pbr.
1129 2310 1295 2342 ecclesie
1319 2310 1346 2340 s¹
1362 2310 1548 2349 Floriani,
1573 2309 1636 2341 cfr.
1654 2321 1684 2340 n.
1730 2310 1786 2341 Io-

440 2361 583 2392 hannes
613 2372 715 2403 ppos.
743 2362 908 2393 ecclesie
938 2362 964 2392 s‘
988 2362 1212 2402 Florianiss),
1246 2362 1309 2393 cfr.
1335 2372 1364 2392 n.
1418 2361 1607 2392 Iohannes
1640 2360 1716 2402 pbr.
1742 2361 1786 2392 de

440 2411 702 2453 Walthausen,
726 2413 789 2444 cfr.
808 2412 851 2455 n.]
890 2413 941 2444 Fr.
958 2413 1120 2444 Iohannes
1137 2424 1184 2444 cv.
1202 2413 1242 2444 de
1258 2412 1486 2444 Understoerff
1505 2415 1539 2442 et
1556 2412 1612 2443 cfr.
1629 2422 1658 2443 n.
1697 2411 1785 2452 d)Io-

440 2462 564 2495 hannes
588 2463 628 2495 (16
650 2463 687 2494 S·
704 2463 806 2495 Cruce
830 2464 899 2505 pbr.
922 2468 954 2496 et
978 2464 1033 2496 cfr.
1051 2475 1080 2496 n.
1128 2463 1318 2495 Ohunradus
1341 2463 1444 2495 dictus
1461 2463 1531 2505 Tag
1555 2463 1594 2494 de
1611 2462 1788 2505 Neuburga

441 2514 510 2555 pbr.
528 2518 561 2546 et
585 2515 639 2546 cfr.
658 2526 687 2546 n.
733 2515 772 2546 D.
790 2515 960 2547 Udalricus
983 2515 1069 2557 pleb.
1087 2516 1118 2546 in
1141 2515 1264 2555 Prukk,
1295 2515 1363 2556 pbr.
1388 2518 1420 2546 et
1444 2515 1499 2546 cfr.
1516 2525 1546 2545 n.
1592 2514 1787 2546 Wilhelmus

441 2565 544 2597 dietus
567 2566 686 2597 Marolt
709 2566 749 2598 de
774 2565 909 2598 Secovia
933 2567 1003 2608 pbr.
1025 2571 1057 2598 et
1081 2567 1136 2598 esr.
1154 2578 1183 2597 n.
1229 2566 1389 2598 Iohannes
1412 2567 1519 2607 Beyer
1541 2565 1610 2607 pbr.
1634 2565 1787 2597 secularis

235 2688 259 2720 ⁸)
278 2688 392 2722 Sequens
414 2690 490 2715 huius
512 2695 588 2716 notae
608 2700 673 2723 poro
695 2696 760 2717 certe
782 2692 831 2724 leqi
851 2693 944 2724 nequit.
1048 2691 1074 2723 b)
1093 2692 1180 2717 Huius
1201 2692 1312 2717 nominis
1329 2696 1391 2716 nota
1409 2692 1524 2717 iteratur.
1631 2691 1654 2723 ο)
1674 2691 1787 2724 Οοννίφε

132 2731 322 2758 Seitenstetten.

427 2731 452 2765 d)
470 2733 584 2765 Sequem
601 2738 663 2759 nota
680 2742 762 2766 supra
781 2735 863 2759 locum
881 2743 970 2759 rasum
989 2735 1092 2767 scripta.

238 2812 258 2845 ¹)
279 2811 325 2839 Ob.
338 2821 364 2839 α.
376 2812 481 2840 incerto.
588 2815 608 2846 ²)
629 2813 838 2847 christophorus
855 2813 880 2840 I.
901 2817 1080 2841 1477-1480.
1187 2815 1207 2846 ³)
1228 2813 1363 2840 Iohannes
1382 2814 1415 2847 L,
1434 2814 1472 2841 ob.
1484 2816 1546 2841 ante
1564 2818 1678 2841 a.1354.
