2150 3178
180 424 221 453 19.

179 1187 221 1214 21.

179 1500 221 1527 22.

179 1890 223 1917 23.

179 2399 220 2426 24.

180 2721 320 2747 Gotsridus.

577 175 844 203 NEOROLOGIUM
862 174 1052 202 CANONIAE
1070 174 1120 202 AD
1137 174 1163 201 S.
1176 173 1427 202 HIPPOLYTUM.
1767 177 1830 208 483

487 260 528 292 S0
544 261 738 302 Floriano,
756 262 818 293 cfr.
834 261 877 304 n.]
916 261 1032 293 Petrus
1048 272 1089 293 m.
1108 261 1148 293 de
1166 260 1203 292 8²
1215 260 1328 301 Oruce,
1347 260 1416 302 pbr.
1431 263 1464 292 et
1480 261 1535 292 cfr.
1549 271 1579 292 n.
1614 260 1831 304 Wolfgangus

488 312 529 344 de
553 312 827 355 Herczognburga
849 312 918 354 pbr.
939 315 972 344 et
995 313 1050 344 cfr.
1067 323 1097 344 n.
1143 311 1406 344 Weichkhardus
1429 312 1592 354 quondam
1615 316 1721 345 rector
1743 313 1832 345 scole

486 368 521 395 n⁹
544 366 577 396 et
599 364 655 395 cfr.
671 374 701 395 n.
722 366 813 396 1461.
832 361 835 369 Χ
859 369 893 395 D.
910 369 1050 396 Iohannes
1074 368 1187 396 Strausz
1210 368 1244 395 de
1266 367 1446 403 Newnburga
1468 368 1530 403 pbr.
1547 370 1577 395 et
1600 369 1651 396 cfr.
1667 378 1696 398 n.

290 424 408 452 XLkal.
438 418 508 462 [Ad
539 419 658 450 anniv.
690 419 794 450 ducis
827 419 979 451 Ottonis
1010 420 1166 451 Austrie
1200 422 1237 451 et
1267 418 1432 461 Styrie1)
1466 422 1504 452 10
1525 421 1556 461 β.
1578 423 1599 456 ᾧ.
1628 419 1763 452 dantur
1794 421 1831 452 in

488 469 762 512 Oberndorfffl)
811 471 1001 502 Iohannes
1031 471 1075 503 de
1099 470 1258 502 Secovia
1287 470 1365 512 pbr.
1391 473 1427 502 et
1455 470 1520 502 cfr.
1543 482 1573 502 n.
1625 471 1833 505 Hainricus

488 532 539 554 cv.
563 522 608 554 de
631 521 674 553 S*
689 521 809 554 Gruce
834 525 871 553 et
894 522 957 553 cfr.
975 533 1004 553 n.
1050 522 1156 553 Anna
1179 521 1255 553 m¹⁵⁸
1278 522 1323 553 de
1347 521 1601 564 Newnburga,
1625 533 1768 555 consor.
1785 523 1831 566 n.]

487 574 648 605 Iohannes
671 573 711 605 de
728 572 766 604 S*
779 573 882 605 cruce
905 573 974 615 pbr.
993 576 1026 605 et
1045 574 1100 605 cfr.
1117 585 1147 605 n.
1185 573 1346 605 Iohannes
1368 583 1431 605 sac.
1450 573 1492 605 de
1508 572 1654 606 Gotwieo
1680 577 1713 606 et
1728 575 1784 606 cfr.
1801 586 1832 606 n.

487 624 648 657 Dietricus
664 625 770 656 senior
793 624 833 656 de
849 624 1107 666 Reichespergb)
1124 624 1192 666 pbr.
1210 627 1243 657 et
1258 624 1314 656 cfr.
1327 635 1356 655 n.
1395 624 1511 656 Petrus
1526 626 1613 666 prior
1631 626 1663 657 in
1680 625 1830 667 Seytten-

487 679 603 717 steten,
626 676 695 718 pbr.
713 679 745 708 et
767 676 823 708 cfr.
839 687 870 707 n.
906 675 1122 717 Wolfgangus
1144 677 1176 707 in
1191 676 1435 717 Reichensperg
1455 676 1525 717 pbr.
1543 679 1576 708 et
1596 676 1652 708 cfr.
1668 688 1698 709 n.
1737 677 1832 709 Anna

486 728 599 759 relicta
621 727 752 759 Ioannis
775 727 1000 769 corrigiatoris‚
1024 738 1147 758 consor.
1165 738 1206 768 n.,
1233 730 1323 759 1491.
1370 732 1476 767 Caspar
1497 742 1535 759 m.
1552 734 1582 760 et
1605 741 1661 760 sac.
1677 733 1707 760 in
1726 733 1831 768 Campo

488 778 611 806 liliorum
629 780 658 806 et
676 779 723 806 cfr.
735 787 762 805 n.

308 830 344 857 X.
357 829 413 858 kal.
441 826 578 859 Petrus
602 837 677 868 eps.
694 826 856 869 Patav.²)
900 827 1116 859 Pernoldus
1142 827 1219 868 pbr.
1243 830 1281 858 et
1307 827 1349 858 fr.
1370 838 1400 859 n.
1422 830 1459 859 et
1486 827 1564 861 dec.
1613 827 1833 870 Engilradis

489 884 550 910 cv¹²
573 881 611 910 et
633 889 702 910 sor.
719 889 750 910 n.
785 877 1034 921 [Getfridus⁰)
1056 878 1135 920 pbr.
1153 879 1198 910 de
1212 878 1457 910 Walthausen
1474 881 1511 911 et
1527 879 1591 911 cfr.
1608 878 1653 921 n.]
1686 880 1831 912 Leonar-

488 929 546 961 dus
575 929 678 962 dictus
703 929 930 962 Haselbartter
955 930 1025 971 pbr.
1046 929 1077 961 Si
1091 929 1228 971 Nicolay
1256 932 1349 961 extra
1376 941 1485 961 muros
1508 930 1644 963 Patavie
1673 934 1706 962 et
1728 932 1784 963 cfr.
1800 942 1831 963 n.

487 981 626 1013 Ioannes
655 981 758 1012 dictus
785 981 1012 1023 Lyndloecher
1045 991 1093 1012 ac.
1117 981 1240 1012 ibidem
1273 984 1306 1012 et
1336 981 1392 1012 cfr.
1417 992 1447 1012 n.
1499 981 1699 1023 Pangraeius
1729 982 1833 1014 diebus

486 1032 714 1064 Lembsniczer
743 1032 783 1064 de
807 1032 921 1064 Stenez
948 1032 1017 1074 pbr.
1042 1035 1076 1064 et
1104 1032 1158 1064 cfr.
1180 1043 1210 1064 n.
1260 1032 1414 1064 Nicolaus
1444 1032 1484 1064 de
1508 1032 1684 1075 Witignaw
1712 1034 1782 1075 pbr.
1800 1038 1833 1066 et

487 1083 543 1115 cfr.
559 1094 589 1115 n.
627 1083 680 1115 Fr.
697 1083 862 1115 Oastorius
878 1083 947 1125 pbr.
965 1086 998 1115 et
1013 1094 1053 1116 m.
1071 1084 1103 1115 in
1120 1084 1314 1125 Tegernsee,
1339 1084 1395 1115 cfr.
1408 1095 1438 1115 n.
1476 1089 1595 1116 Maister
1610 1089 1688 1116 Hans
1703 1089 1832 1117 Halmair

487 1134 558 1161 alias
577 1133 668 1161 dictus
687 1134 787 1161 Ledrer
804 1134 823 1160 1.
836 1136 866 1161 et
883 1143 910 1161 n.
923 1134 981 1167 cfr„
1000 1134 1048 1168 qui
1065 1134 1142 1161 fribus
1159 1134 1263 1168 pluries
1282 1134 1328 1168 pie
1347 1134 1487 1167 subvenit,
1506 1136 1604 1169 (15)l9.

295 1186 341 1214 IX.
354 1186 411 1214 kal.
439 1181 697 1225 [Mechthildis
713 1182 757 1214 de
770 1182 892 1223 wald,
909 1182 1055 1214 oblatio
1072 1184 1092 1214 6
1108 1183 1139 1223 β.
1154 1186 1175 1217 03.
1210 1182 1390 1214 Alhaidis
1406 1187 1467 1214 eva
1485 1186 1522 1214 et
1537 1194 1608 1215 sor.
1625 1195 1656 1215 n.
1695 1184 1831 1216 Riche-

488 1245 550 1266 rus
566 1244 617 1266 ev.
634 1237 672 1266 et
687 1234 728 1265 fr.
744 1245 774 1266 n.
813 1233 980 1266 Sifridus
996 1244 1089 1276 puer
1105 1237 1141 1266 et
1157 1233 1198 1265 fr.
1211 1245 1242 1265 n.
1281 1234 1487 1266 Heinricus
1503 1235 1580 1276 pbr.
1599 1235 1643 1267 de
1659 1235 1831 1268 Ohrems-

487 1288 668 1326 munster,
699 1285 762 1317 cfr.
778 1296 808 1317 n.
860 1286 936 1318 Leo
963 1285 1041 1327 pbr.
1064 1285 1228 1317 ecclesie
1256 1285 1284 1316 si
1305 1285 1436 1317 Georii
1463 1287 1500 1317 in
1522 1286 1831 1329 Herzzenburga,

488 1337 551 1369 cfr.
574 1348 604 1368 n.
657 1336 880 1368 Ohunradus
906 1337 984 1378 pbr.
1008 1340 1045 1369 et
1067 1348 1109 1368 m.
1133 1337 1178 1368 de
1200 1336 1572 1380 Pangartenpergd)‚
1603 1338 1666 1370 cfr.
1683 1338 1727 1381 n.]
1778 1339 1831 1371 Fr.

487 1388 649 1423 Iohannes
678 1389 718 1420 de
741 1388 935 1420 Gerenstarf
957 1399 999 1421 ex
1021 1389 1206 1421 Diernstain
1232 1388 1301 1430 pbr.
1323 1391 1356 1420 et
1385 1389 1440 1420 cfr.
1462 1400 1492 1421 n.
1541 1389 1697 1422 Ieremias
1725 1401 1767 1422 m.
1792 1391 1832 1422 de

487 1439 644 1480 Gotwico,
667 1440 736 1482 pbr.
753 1443 787 1471 et
809 1440 865 1471 cfr.
881 1451 911 1472 n.

266 1499 339 1527 VIII.
352 1499 408 1527 kal.
438 1495 595 1528 Chrafto
619 1496 663 1528 de
680 1495 841 1528 Secovia
863 1496 941 1538 pbr.
958 1499 995 1528 et
1018 1496 1082 1528 cfr.
1098 1507 1128 1528 n.
1171 1495 1458 1539 [Warbmundus
1482 1496 1524 1528 fr.
1540 1508 1570 1528 n.
1609 1496 1762 1529 Ulricus
1786 1498 1832 1530 de

488 1547 529 1579 S⁰
551 1548 732 1579 Floriano
759 1547 898 1590 (can.)⁰)
923 1551 959 1580 et
985 1547 1049 1579 cfr.
1067 1547 1111 1590 n.]
1159 1547 1322 1579 Iohannes
1344 1547 1547 1579 Marschalch
1574 1548 1644 1590 pbr.
1667 1549 1708 1581 de
1724 1549 1831 1581 Walt-

486 1599 639 1631 haewsen
653 1602 686 1631 et
701 1599 757 1630 cfr.
771 1610 800 1630 n.
834 1599 1033 1641 Augustinus
1049 1599 1089 1631 de
1102 1599 1300 1642 Witingnaw
1316 1598 1386 1641 pbr.
1400 1602 1433 1631 et
1449 1600 1505 1631 cfr.
1517 1610 1547 1631 n.
1565 1602 1655 1632 1472.
1691 1600 1832 1633 Thomas

487 1650 662 1682 Pewscher
685 1650 726 1682 de
748 1650 991 1683 Unndensdorff
1014 1650 1083 1693 pbr.
1106 1653 1139 1683 et
1166 1651 1222 1682 cfr.
1239 1661 1269 1682 n.
1321 1650 1361 1682 D.
1379 1650 1566 1682 Oristannus
1590 1650 1729 1683 Gartner
1757 1663 1832 1694 pro-

488 1705 616 1734 curator
631 1702 672 1734 de
689 1702 913 1744 Walthausen,
937 1703 1018 1744 pbr„
1042 1702 1099 1734 cfr.
1115 1713 1146 1734 n.
1187 1706 1296 1734 Nobilis
1312 1707 1411 1734 Hanns
1426 1707 1630 1742 Auguspurger
1645 1709 1787 1742 prefectus
1803 1709 1833 1736 in

490 1753 656 1785 Renestorff,
681 1753 786 1780 obtuiit
804 1753 954 1780 conventui
977 1753 1006 1780 in
1030 1753 1091 1780 vita
1109 1754 1142 1780 12
1160 1761 1258 1780 aureos
1276 1752 1473 1787 Ungaricales,
1498 1753 1546 1781 sed
1565 1755 1630 1787 posis
1647 1762 1727 1780 suam
1744 1754 1832 1781 vitam

488 1796 609 1823 testatus
628 1797 671 1822 est
688 1804 796 1823 omnem
815 1796 984 1823 thesawrum
1008 1805 1042 1823 ac
1059 1796 1189 1823 universa.
1207 1796 1281 1822 bona.
1299 1796 1335 1822 ad
1354 1796 1501 1823 cenobium
1520 1801 1587 1828 num,
1611 1796 1655 1823 cui
1675 1796 1833 1832 obligamur

489 1838 581 1865 anniv.
595 1847 657 1866 cum
677 1838 783 1873 vigiliis
801 1841 830 1866 et
849 1839 991 1872 Requiem.

282 1889 342 1917 VII.
355 1889 411 1916 kal.
438 1886 540 1918 Arbo
569 1886 610 1918 fr.
627 1898 657 1918 n.
702 1886 892 1918 Iohannes
922 1886 967 1918 de
991 1886 1238 1918 Walthausen
1266 1887 1344 1927 pbr.
1368 1890 1405 1918 et
1432 1886 1496 1918 cfr.
1518 1898 1548 1918 n.
1595 1885 1833 1928 [Ghunradus

489 1937 641 1979 Lanest,
664 1937 824 1969 Ludmia
838 1948 895 1970 ux.
913 1948 993 1979 sua,
1012 1937 1157 1970 oblatio
1178 1937 1211 1979 ¹l2
1231 1938 1293 1969 tal.
1333 1937 1560 1969 chunradus
1575 1937 1738 1980 Deywsa
1753 1939 1830 1980 pbr.

488 1989 748 2030 Medlicensis,
777 1989 841 2021 cfr.
858 2000 887 2021 n.
931 1989 1024 2021 Otto
1048 2000 1124 2021 can.
1142 1988 1249 2031 (de)⁹)
1266 1989 1528 2029 Walthausen,
1554 1989 1618 2021 cfr.
1636 1989 1679 2032 n.]
1725 1989 1832 2022 Wolf-

490 2040 599 2072 fardus
623 2040 663 2072 de
675 2040 848 2072 Walthusa
871 2040 940 2082 pbr.
959 2044 992 2072 et
1014 2041 1069 2072 cfr.
1086 2051 1116 2072 n.
1161 2040 1321 2072 Iohannes
1337 2040 1440 2072 dictus
1456 2040 1648 2073 Vanstorfer
1664 2041 1704 2073 de
1721 2041 1758 2073 S⁰
1770 2042 1831 2074 Ze-

489 2102 572 2124 none
595 2091 651 2123 cfr.
669 2103 699 2123 n.
742 2091 903 2124 Iohannes
932 2102 995 2124 sac.
1018 2094 1051 2123 et
1076 2102 1119 2123 m.
1141 2092 1174 2123 in
1197 2091 1235 2123 δ’
1251 2091 1354 2123 Cruce
1384 2094 1416 2123 et
1443 2092 1499 2123 cfr.
1515 2103 1545 2123 n.
1591 2092 1833 2125 Cholomannus

489 2143 529 2175 de
548 2143 643 2175 Nova
658 2143 750 2176 Cella
772 2143 842 2186 pbr.
860 2147 893 2175 et
915 2143 970 2175 cfr.
987 2155 1018 2175 n.
1064 2143 1286 2185 sigismundus
1300 2143 1504 2175 Wardacher
1526 2153 1592 2175 acc.
1610 2143 1651 2175 de
1667 2143 1831 2187 Herczog-

489 2206 610 2238 wurga,
638 2195 693 2227 cfr.
710 2206 740 2227 n.
784 2195 837 2227 Fr.
853 2195 1043 2227 Leonardus
1066 2205 1113 2227 cv.
1129 2195 1162 2226 in
1185 2195 1436 2237 Seyttensteten,
1467 2195 1522 2227 cfr.
1539 2206 1569 2226 n.
1614 2195 1654 2227 D.
1673 2195 1833 2238 Georgius

488 2247 594 2278 senior
621 2246 691 2288 pbr.
708 2246 749 2278 de
772 2246 810 2278 δ’
824 2246 1006 2287 Dorothea‚
1034 2246 1089 2279 cfr.
1106 2257 1136 2278 n.
1181 2246 1323 2278 Thomas
1345 2242 1446 2279 Nesel
1473 2246 1514 2278 de
1537 2246 1736 2289 Neunburga
1761 2248 1830 2290 pbr.

490 2301 522 2330 ei:
550 2298 604 2330 cfr.
626 2309 656 2329 n.
706 2303 740 2329 D.
757 2302 883 2330 Andreas
910 2302 971 2337 pbr.
988 2304 1018 2330 et
1044 2312 1081 2330 m.
1103 2303 1137 2330 de
1161 2302 1194 2330 8⁸
1209 2302 1310 2336 Cruce,
1341 2303 1391 2330 cfr.
1407 2312 1436 2330 n.
1482 2303 1558 2337 Mag.
1575 2303 1774 2331 Wenezeslaus
1797 2304 1831 2331 de

488 2348 646 2383 Witignaw
665 2349 736 2376 alias
755 2349 903 2381 Terebenf)
922 2349 983 2383 pbr.
997 2350 1026 2376 et
1045 2349 1093 2376 cfr.
1107 2358 1133 2376 n.

292 2399 339 2427 VI.
352 2400 408 2427 kal.
436 2396 616 2428 Azelinus
632 2406 682 2428 cv.
700 2399 737 2428 et
753 2397 794 2428 fr.
810 2407 840 2428 n.
879 2396 1084 2429 Heinricus
1100 2396 1276 2438 subdyac.
1294 2399 1331 2428 et
1346 2397 1388 2428 fr.
1404 2408 1434 2428 n.
1475 2396 1595 2439 [Anna
1610 2396 1683 2428 m¹¹⁸
1699 2396 1831 2429 Newn-

489 2448 704 2490 burgensiS‚
728 2458 869 2481 consor.
886 2448 930 2491 n.]
969 2449 1086 2480 Petrus
1101 2448 1174 2480 abb.
1190 2448 1284 2480 monii
1299 2448 1534 2490 Ebracensis.³)
1571 2448 1710 2480 Iacobus
1726 2449 1832 2480 senior

488 2500 520 2531 in
535 2500 788 2542 Herczogburga
811 2500 881 2542 pbr.
898 2503 931 2532 et
954 2500 1009 2532 cfr.
1026 2511 1055 2532 n.
1100 2500 1153 2532 Fr.
1171 2499 1334 2531 Osbaldus
1357 2500 1398 2532 de
1414 2499 1698 2532 Krembsmi'mster
1712 2499 1781 2541 pbr.
1799 2503 1832 2532 et

489 2551 544 2583 cfr.
561 2563 591 2582 n.
636 2552 808 2584 Heinricus
836 2562 899 2584 sac.
922 2555 955 2583 et
979 2562 1022 2583 m.
1042 2552 1075 2583 in
1098 2551 1221 2593 Campo
1244 2551 1384 2583 liliorum
1411 2555 1444 2583 et
1467 2551 1523 2583 cfr.
1539 2562 1569 2583 n.
1615 2551 1832 2594 Wolfgangus

283 2677 306 2711 Ι)
325 2678 486 2704 Praecedens
508 2684 569 2705 nota
591 2681 753 2713 necroloqica
774 2681 858 2706 colore
879 2681 958 2706 rubro
982 2681 1086 2713 scripta.
1190 2679 1216 2714 b)
1237 2680 1349 2714 Oorriq.:
1376 2681 1568 2713 Reiohersperg.
1674 2679 1696 2711 ὓ)
1718 2679 1830 2713 Corriq.:

424 2720 450 2754 d)
470 2722 581 2756 Cor-riga
598 2724 843 2757 Paumgartenperg.
950 2724 971 2755 ⁹)
990 2724 1112 2756 supplevi.
1217 2723 1237 2757 f)
1256 2724 1342 2749 Lectio
1360 2724 1466 2749 incerta.

287 2798 307 2830 ²)
328 2796 374 2824 Ob.
388 2805 413 2824 α.
427 2800 497 2825 1339.
604 2799 625 2832 ²)
644 2802 820 2827 1265—1280.
929 2800 949 2834 ³)
968 2803 1143 2827 1385-1404.

1572 2850 1623 2877 61*
