<?xml version="1.0" encoding="UTF-8"?>
<!DOCTYPE html PUBLIC "-//W3C//DTD XHTML 1.0 Transitional//EN"
    "http://www.w3.org/TR/xhtml1/DTD/xhtml1-transitional.dtd">
<html xmlns="http://www.w3.org/1999/xhtml" xml:lang="en" lang="en">
 <head>
  <title>
</title>
<meta http-equiv="Content-Type" content="text/html;charset=utf-8" />
  <meta name='ocr-system' content='tesseract 3.04.00' />
  <meta name='ocr-capabilities' content='ocr_page ocr_carea ocr_par ocr_line ocrx_word'/>
</head>
<body>
  <div class='ocr_page' id='page_1' title='image "./monumentagerman05geseuoft_0475.png"; bbox 0 0 2150 3178; ppageno 0'>
   <div class='ocr_carea' id='block_1_1' title="bbox 563 177 1801 210">
    <p class='ocr_par' dir='ltr' id='par_1_1' title="bbox 563 177 1801 210">
     <span class='ocr_line' id='line_1_1' title="bbox 563 177 1801 210; baseline -0.002 -3"><span class='ocrx_word' id='word_1_1' title='bbox 563 178 828 207; x_wconf 84' lang='lat' dir='ltr'>NECROLOGIUM</span> <span class='ocrx_word' id='word_1_2' title='bbox 847 178 1060 206; x_wconf 88' lang='lat' dir='ltr'>MONIALIUM</span> <span class='ocrx_word' id='word_1_3' title='bbox 1078 177 1389 205; x_wconf 81' lang='lat' dir='ltr'>GOTTVICENSIUM.</span> <span class='ocrx_word' id='word_1_4' title='bbox 1741 179 1801 210; x_wconf 83' lang='lat'>461</span> 
     </span>
    </p>
   </div>
   <div class='ocr_carea' id='block_1_2' title="bbox 409 264 1760 303">
    <p class='ocr_par' dir='ltr' id='par_1_2' title="bbox 409 264 1760 303">
     <span class='ocr_line' id='line_1_2' title="bbox 409 264 1760 303; baseline -0.001 -7"><span class='ocrx_word' id='word_1_5' title='bbox 409 269 436 297; x_wconf 79' lang='lat' dir='ltr'>S.</span> <span class='ocrx_word' id='word_1_6' title='bbox 449 269 510 296; x_wconf 81' lang='lat' dir='ltr'>LE.</span> <span class='ocrx_word' id='word_1_7' title='bbox 530 265 677 297; x_wconf 77' lang='lat' dir='ltr'>Elizabet</span> <span class='ocrx_word' id='word_1_8' title='bbox 700 264 772 296; x_wconf 63' lang='lat' dir='ltr'>mm.</span> <span class='ocrx_word' id='word_1_9' title='bbox 817 265 1018 297; x_wconf 80' lang='lat' dir='ltr'>Kaetherina</span> <span class='ocrx_word' id='word_1_10' title='bbox 1040 275 1102 296; x_wconf 79' lang='lat' dir='ltr'>sor.</span> <span class='ocrx_word' id='word_1_11' title='bbox 1118 275 1148 296; x_wconf 89' lang='lat'>11.</span> <span class='ocrx_word' id='word_1_12' title='bbox 1167 275 1193 296; x_wconf 82' lang='lat' dir='ltr'>c.</span> <span class='ocrx_word' id='word_1_13' title='bbox 1238 269 1380 297; x_wconf 68' lang='lat' dir='ltr'>Bersabee.</span> <span class='ocrx_word' id='word_1_14' title='bbox 1399 269 1530 297; x_wconf 80' lang='lat' dir='ltr'>Lieberin</span> <span class='ocrx_word' id='word_1_15' title='bbox 1553 278 1600 296; x_wconf 81' lang='lat' dir='ltr'>ux.</span> <span class='ocrx_word' id='word_1_16' title='bbox 1616 268 1760 303; x_wconf 82' lang='lat' dir='ltr'>Simperti.</span> 
     </span>
    </p>
   </div>
   <div class='ocr_carea' id='block_1_3' title="bbox 150 315 1807 2706">
    <p class='ocr_par' dir='ltr' id='par_1_3' title="bbox 154 315 1804 410">
     <span class='ocr_line' id='line_1_3' title="bbox 154 315 1804 358; baseline -0.002 -8"><span class='ocrx_word' id='word_1_17' title='bbox 154 323 195 350; x_wconf 90' lang='lat'>16.</span> <span class='ocrx_word' id='word_1_18' title='bbox 226 321 314 358; x_wconf 84' lang='lat' dir='ltr'>XVII.</span> <span class='ocrx_word' id='word_1_19' title='bbox 327 321 383 348; x_wconf 79' lang='lat' dir='ltr'>kal.</span> <span class='ocrx_word' id='word_1_20' title='bbox 411 320 513 347; x_wconf 88' lang='lat' dir='ltr'>M.LI.</span> <span class='ocrx_word' id='word_1_21' title='bbox 533 316 572 348; x_wconf 92' lang='lat' dir='ltr'>D.</span> <span class='ocrx_word' id='word_1_22' title='bbox 584 316 763 348; x_wconf 84' lang='lat' dir='ltr'>Wezilinus</span> <span class='ocrx_word' id='word_1_23' title='bbox 779 316 852 348; x_wconf 84' lang='lat' dir='ltr'>abb.</span> <span class='ocrx_word' id='word_1_24' title='bbox 869 327 899 348; x_wconf 90' lang='lat' dir='ltr'>n.</span> <span class='ocrx_word' id='word_1_25' title='bbox 916 316 974 358; x_wconf 77' lang='lat' dir='ltr'>c.¹)</span> <span class='ocrx_word' id='word_1_26' title='bbox 1013 315 1151 348; x_wconf 80' lang='lat' dir='ltr'>Geor-ius</span> <span class='ocrx_word' id='word_1_27' title='bbox 1166 315 1236 357; x_wconf 88' lang='lat' dir='ltr'>pbr.</span> <span class='ocrx_word' id='word_1_28' title='bbox 1254 319 1287 348; x_wconf 82' lang='lat' dir='ltr'>et</span> <span class='ocrx_word' id='word_1_29' title='bbox 1302 327 1344 348; x_wconf 93' lang='lat' dir='ltr'>m.</span> <span class='ocrx_word' id='word_1_30' title='bbox 1361 317 1403 348; x_wconf 84' lang='lat' dir='ltr'>de</span> <span class='ocrx_word' id='word_1_31' title='bbox 1419 316 1591 358; x_wconf 57' lang='lat' dir='ltr'>Mamaea)</span> <span class='ocrx_word' id='word_1_32' title='bbox 1629 315 1670 347; x_wconf 92' lang='lat' dir='ltr'>D.</span> <span class='ocrx_word' id='word_1_33' title='bbox 1686 315 1804 348; x_wconf 80' lang='lat' dir='ltr'>Petrus</span> 
     </span>
     <span class='ocr_line' id='line_1_4' title="bbox 461 367 721 410; baseline -0.004 -10"><span class='ocrx_word' id='word_1_34' title='bbox 461 368 502 400; x_wconf 85' lang='lat' dir='ltr'>de</span> <span class='ocrx_word' id='word_1_35' title='bbox 526 367 721 410; x_wconf 84' lang='lat' dir='ltr'>Newburga.</span> 
     </span>
    </p>

    <p class='ocr_par' dir='ltr' id='par_1_4' title="bbox 153 418 1804 554">
     <span class='ocr_line' id='line_1_5' title="bbox 153 418 1804 461; baseline -0.002 -9"><span class='ocrx_word' id='word_1_36' title='bbox 153 425 193 452; x_wconf 81' lang='lat'>17.</span> <span class='ocrx_word' id='word_1_37' title='bbox 236 424 311 452; x_wconf 88' lang='lat' dir='ltr'>XVI.</span> <span class='ocrx_word' id='word_1_38' title='bbox 323 424 379 451; x_wconf 77' lang='lat' dir='ltr'>kal.</span> <span class='ocrx_word' id='word_1_39' title='bbox 407 423 508 450; x_wconf 77' lang='lat' dir='ltr'>MLI.</span> <span class='ocrx_word' id='word_1_40' title='bbox 527 419 567 451; x_wconf 94' lang='lat' dir='ltr'>D.</span> <span class='ocrx_word' id='word_1_41' title='bbox 585 418 752 461; x_wconf 82' lang='lat' dir='ltr'>Seyfridus</span> <span class='ocrx_word' id='word_1_42' title='bbox 768 429 859 460; x_wconf 83' lang='lat' dir='ltr'>ppos.</span> <span class='ocrx_word' id='word_1_43' title='bbox 876 420 908 450; x_wconf 92' lang='lat' dir='ltr'>in</span> <span class='ocrx_word' id='word_1_44' title='bbox 928 418 964 450; x_wconf 82' lang='lat' dir='ltr'>S⁰</span> <span class='ocrx_word' id='word_1_45' title='bbox 976 418 1152 461; x_wconf 78' lang='lat' dir='ltr'>Ypolito.²)</span> <span class='ocrx_word' id='word_1_46' title='bbox 1190 418 1360 452; x_wconf 80' lang='lat' dir='ltr'>Udalricus</span> <span class='ocrx_word' id='word_1_47' title='bbox 1383 430 1424 451; x_wconf 94' lang='lat' dir='ltr'>m.</span> <span class='ocrx_word' id='word_1_48' title='bbox 1443 430 1472 450; x_wconf 93' lang='lat' dir='ltr'>n.</span> <span class='ocrx_word' id='word_1_49' title='bbox 1491 429 1518 451; x_wconf 88' lang='lat' dir='ltr'>o.</span> <span class='ocrx_word' id='word_1_50' title='bbox 1557 418 1719 450; x_wconf 86' lang='lat' dir='ltr'>Osbaldus</span> <span class='ocrx_word' id='word_1_51' title='bbox 1742 428 1804 450; x_wconf 87' lang='lat' dir='ltr'>von</span> 
     </span>
     <span class='ocr_line' id='line_1_6' title="bbox 461 469 1804 512; baseline -0.001 -9"><span class='ocrx_word' id='word_1_52' title='bbox 461 470 685 503; x_wconf 82' lang='lat' dir='ltr'>Nidernaltha.</span> <span class='ocrx_word' id='word_1_53' title='bbox 732 470 874 501; x_wconf 81' lang='lat' dir='ltr'><strong>Thomas</strong></span> <span class='ocrx_word' id='word_1_54' title='bbox 889 470 959 512; x_wconf 88' lang='lat' dir='ltr'>pbr.</span> <span class='ocrx_word' id='word_1_55' title='bbox 976 473 1009 502; x_wconf 86' lang='lat' dir='ltr'>et</span> <span class='ocrx_word' id='word_1_56' title='bbox 1025 481 1093 502; x_wconf 82' lang='lat' dir='ltr'>can.</span> <span class='ocrx_word' id='word_1_57' title='bbox 1111 470 1153 502; x_wconf 85' lang='lat' dir='ltr'>ad</span> <span class='ocrx_word' id='word_1_58' title='bbox 1170 469 1230 501; x_wconf 79' lang='lat' dir='ltr'>S¹¹¹¹¹</span> <span class='ocrx_word' id='word_1_59' title='bbox 1243 470 1416 503; x_wconf 86' lang='lat' dir='ltr'>Zenonem.</span> <span class='ocrx_word' id='word_1_60' title='bbox 1462 470 1583 502; x_wconf 86' lang='lat' dir='ltr'>Paulus</span> <span class='ocrx_word' id='word_1_61' title='bbox 1599 469 1668 512; x_wconf 87' lang='lat' dir='ltr'>pbr.</span> <span class='ocrx_word' id='word_1_62' title='bbox 1686 472 1719 501; x_wconf 81' lang='lat' dir='ltr'>et</span> <span class='ocrx_word' id='word_1_63' title='bbox 1735 479 1804 502; x_wconf 85' lang='lat' dir='ltr'>can.</span> 
     </span>
     <span class='ocr_line' id='line_1_7' title="bbox 460 522 778 554; baseline -0.003 0"><span class='ocrx_word' id='word_1_64' title='bbox 460 522 502 554; x_wconf 84' lang='lat' dir='ltr'>ad</span> <span class='ocrx_word' id='word_1_65' title='bbox 525 522 585 554; x_wconf 61' lang='grc' dir='ltr'>ΒΜ</span> <span class='ocrx_word' id='word_1_66' title='bbox 603 522 778 553; x_wconf 84' lang='lat' dir='ltr'>Andream.</span> 
     </span>
    </p>

    <p class='ocr_par' dir='ltr' id='par_1_5' title="bbox 153 571 1805 759">
     <span class='ocr_line' id='line_1_8' title="bbox 408 571 1805 615; baseline 0 -11"><span class='ocrx_word' id='word_1_67' title='bbox 408 577 435 605; x_wconf 95' lang='lat' dir='ltr'>S.</span> <span class='ocrx_word' id='word_1_68' title='bbox 448 577 510 604; x_wconf 88' lang='lat' dir='ltr'>LE.</span> <span class='ocrx_word' id='word_1_69' title='bbox 530 574 730 615; x_wconf 82' lang='lat' dir='ltr'>Margareta,</span> <span class='ocrx_word' id='word_1_70' title='bbox 760 572 904 614; x_wconf 76' lang='lat' dir='ltr'>genandt</span> <span class='ocrx_word' id='word_1_71' title='bbox 927 571 1208 615; x_wconf 72' lang='lat' dir='ltr'>Chelkingerinb),</span> <span class='ocrx_word' id='word_1_72' title='bbox 1238 583 1300 605; x_wconf 83' lang='lat' dir='ltr'>sor.</span> <span class='ocrx_word' id='word_1_73' title='bbox 1318 584 1348 604; x_wconf 91' lang='lat' dir='ltr'>n.</span> <span class='ocrx_word' id='word_1_74' title='bbox 1366 583 1393 604; x_wconf 86' lang='lat' dir='ltr'>o.</span> <span class='ocrx_word' id='word_1_75' title='bbox 1444 573 1630 615; x_wconf 81' lang='lat' dir='ltr'>Margareta</span> <span class='ocrx_word' id='word_1_76' title='bbox 1659 572 1749 614; x_wconf 65' lang='lat' dir='ltr'>prof‘</span> <span class='ocrx_word' id='word_1_77' title='bbox 1772 573 1805 604; x_wconf 93' lang='lat' dir='ltr'>in</span> 
     </span>
     <span class='ocr_line' id='line_1_9' title="bbox 459 624 1721 664; baseline -0.002 -7"><span class='ocrx_word' id='word_1_78' title='bbox 459 624 622 657; x_wconf 74' lang='lat' dir='ltr'>Admfind.</span> <span class='ocrx_word' id='word_1_79' title='bbox 667 629 829 663; x_wconf 78' lang='lat' dir='ltr'>Margareta</span> <span class='ocrx_word' id='word_1_80' title='bbox 852 627 1038 663; x_wconf 84' lang='lat' dir='ltr'>Geringeryn.</span> <span class='ocrx_word' id='word_1_81' title='bbox 1084 629 1253 664; x_wconf 80' lang='lat' dir='ltr'>Magdalena</span> <span class='ocrx_word' id='word_1_82' title='bbox 1275 637 1330 656; x_wconf 83' lang='lat' dir='ltr'>sor.</span> <span class='ocrx_word' id='word_1_83' title='bbox 1347 638 1375 656; x_wconf 89' lang='lat' dir='ltr'>n.</span> <span class='ocrx_word' id='word_1_84' title='bbox 1393 638 1416 656; x_wconf 92' lang='lat' dir='ltr'>c.</span> <span class='ocrx_word' id='word_1_85' title='bbox 1462 629 1543 656; x_wconf 81' lang='lat' dir='ltr'>Fraw</span> <span class='ocrx_word' id='word_1_86' title='bbox 1564 628 1721 656; x_wconf 76' lang='lat' dir='ltr'>Elisabeth.</span> 
     </span>
     <span class='ocr_line' id='line_1_10' title="bbox 153 675 1804 717; baseline -0.002 -7"><span class='ocrx_word' id='word_1_87' title='bbox 153 681 194 710; x_wconf 87' lang='lat'>18.</span> <span class='ocrx_word' id='word_1_88' title='bbox 250 682 310 709; x_wconf 87' lang='lat' dir='ltr'>XV.</span> <span class='ocrx_word' id='word_1_89' title='bbox 323 681 381 709; x_wconf 73' lang='lat' dir='ltr'>kal.</span> <span class='ocrx_word' id='word_1_90' title='bbox 408 680 509 707; x_wconf 74' lang='lat' dir='ltr'>MLI.</span> <span class='ocrx_word' id='word_1_91' title='bbox 529 677 656 715; x_wconf 78' lang='lat' dir='ltr'>Petrus,</span> <span class='ocrx_word' id='word_1_92' title='bbox 679 675 886 717; x_wconf 82' lang='lat' dir='ltr'>Benedictus,</span> <span class='ocrx_word' id='word_1_93' title='bbox 910 675 979 717; x_wconf 86' lang='lat' dir='ltr'>pbri</span> <span class='ocrx_word' id='word_1_94' title='bbox 995 678 1028 707; x_wconf 81' lang='lat' dir='ltr'>et</span> <span class='ocrx_word' id='word_1_95' title='bbox 1043 675 1084 707; x_wconf 82' lang='lat' dir='ltr'>mi</span> <span class='ocrx_word' id='word_1_96' title='bbox 1100 687 1129 708; x_wconf 89' lang='lat' dir='ltr'>n.</span> <span class='ocrx_word' id='word_1_97' title='bbox 1147 686 1174 708; x_wconf 87' lang='lat' dir='ltr'>o.</span> <span class='ocrx_word' id='word_1_98' title='bbox 1218 675 1341 707; x_wconf 87' lang='lat' dir='ltr'>Paulus</span> <span class='ocrx_word' id='word_1_99' title='bbox 1362 676 1432 717; x_wconf 88' lang='lat' dir='ltr'>pbr.</span> <span class='ocrx_word' id='word_1_100' title='bbox 1450 678 1483 708; x_wconf 81' lang='lat' dir='ltr'>et</span> <span class='ocrx_word' id='word_1_101' title='bbox 1497 686 1539 707; x_wconf 90' lang='lat' dir='ltr'>m.</span> <span class='ocrx_word' id='word_1_102' title='bbox 1557 675 1597 708; x_wconf 87' lang='lat' dir='ltr'>de</span> <span class='ocrx_word' id='word_1_103' title='bbox 1612 675 1804 717; x_wconf 81' lang='lat' dir='ltr'>Altenburg.</span> 
     </span>
     <span class='ocr_line' id='line_1_11' title="bbox 407 727 886 759; baseline -0.002 0"><span class='ocrx_word' id='word_1_104' title='bbox 407 731 434 758; x_wconf 82' lang='lat' dir='ltr'>S.</span> <span class='ocrx_word' id='word_1_105' title='bbox 447 731 511 759; x_wconf 82' lang='lat' dir='ltr'>LE.</span> <span class='ocrx_word' id='word_1_106' title='bbox 532 727 711 759; x_wconf 86' lang='lat' dir='ltr'>Gerdrudis</span> <span class='ocrx_word' id='word_1_107' title='bbox 733 738 796 759; x_wconf 87' lang='lat' dir='ltr'>sor.</span> <span class='ocrx_word' id='word_1_108' title='bbox 811 738 841 758; x_wconf 94' lang='lat' dir='ltr'>n.</span> <span class='ocrx_word' id='word_1_109' title='bbox 859 737 886 758; x_wconf 83' lang='lat' dir='ltr'>c.</span> 
     </span>
    </p>

    <p class='ocr_par' dir='ltr' id='par_1_6' title="bbox 152 778 1805 915">
     <span class='ocr_line' id='line_1_12' title="bbox 152 778 1805 820; baseline -0.001 -9"><span class='ocrx_word' id='word_1_110' title='bbox 152 784 193 811; x_wconf 87' lang='lat'>19.</span> <span class='ocrx_word' id='word_1_111' title='bbox 238 783 311 811; x_wconf 88' lang='lat' dir='ltr'>XIV.</span> <span class='ocrx_word' id='word_1_112' title='bbox 324 783 381 811; x_wconf 83' lang='lat' dir='ltr'>kal.</span> <span class='ocrx_word' id='word_1_113' title='bbox 411 782 512 811; x_wconf 88' lang='lat' dir='ltr'>M.LI.</span> <span class='ocrx_word' id='word_1_114' title='bbox 533 779 690 811; x_wconf 78' lang='lat' dir='ltr'>Martinus</span> <span class='ocrx_word' id='word_1_115' title='bbox 720 778 789 820; x_wconf 90' lang='lat' dir='ltr'>pbr.</span> <span class='ocrx_word' id='word_1_116' title='bbox 817 781 851 810; x_wconf 83' lang='lat' dir='ltr'>et</span> <span class='ocrx_word' id='word_1_117' title='bbox 881 788 923 810; x_wconf 91' lang='lat' dir='ltr'>m.</span> <span class='ocrx_word' id='word_1_118' title='bbox 944 789 974 810; x_wconf 91' lang='lat' dir='ltr'>n.</span> <span class='ocrx_word' id='word_1_119' title='bbox 997 789 1023 810; x_wconf 84' lang='lat' dir='ltr'>c.</span> <span class='ocrx_word' id='word_1_120' title='bbox 1078 778 1289 810; x_wconf 81' lang='lat' dir='ltr'>Leonhardus</span> <span class='ocrx_word' id='word_1_121' title='bbox 1321 778 1391 820; x_wconf 88' lang='lat' dir='ltr'>pbr.</span> <span class='ocrx_word' id='word_1_122' title='bbox 1418 781 1452 810; x_wconf 81' lang='lat' dir='ltr'>et</span> <span class='ocrx_word' id='word_1_123' title='bbox 1482 789 1524 810; x_wconf 92' lang='lat' dir='ltr'>m.</span> <span class='ocrx_word' id='word_1_124' title='bbox 1550 789 1597 810; x_wconf 88' lang='lat' dir='ltr'>zw</span> <span class='ocrx_word' id='word_1_125' title='bbox 1628 778 1805 810; x_wconf 83' lang='lat' dir='ltr'>Marieoell.</span> 
     </span>
     <span class='ocr_line' id='line_1_13' title="bbox 458 829 1804 872; baseline -0.001 -10"><span class='ocrx_word' id='word_1_126' title='bbox 458 831 562 863; x_wconf 90' lang='lat' dir='ltr'>Iorius</span> <span class='ocrx_word' id='word_1_127' title='bbox 572 831 598 872; x_wconf 76' lang='lat' dir='ltr'>e)</span> <span class='ocrx_word' id='word_1_128' title='bbox 621 830 690 872; x_wconf 89' lang='lat' dir='ltr'>pbr.</span> <span class='ocrx_word' id='word_1_129' title='bbox 708 833 742 862; x_wconf 82' lang='lat' dir='ltr'>et</span> <span class='ocrx_word' id='word_1_130' title='bbox 765 840 832 862; x_wconf 79' lang='lat' dir='ltr'>can.</span> <span class='ocrx_word' id='word_1_131' title='bbox 851 829 892 862; x_wconf 90' lang='lat' dir='ltr'>de</span> <span class='ocrx_word' id='word_1_132' title='bbox 916 829 1111 871; x_wconf 82' lang='lat' dir='ltr'>Newburga.</span> <span class='ocrx_word' id='word_1_133' title='bbox 1157 830 1295 862; x_wconf 82' lang='lat' dir='ltr'>Iacobus</span> <span class='ocrx_word' id='word_1_134' title='bbox 1318 830 1387 872; x_wconf 92' lang='lat' dir='ltr'>pbr.</span> <span class='ocrx_word' id='word_1_135' title='bbox 1405 833 1438 862; x_wconf 81' lang='lat' dir='ltr'>et</span> <span class='ocrx_word' id='word_1_136' title='bbox 1461 840 1530 862; x_wconf 83' lang='lat' dir='ltr'>ean.</span> <span class='ocrx_word' id='word_1_137' title='bbox 1546 831 1579 861; x_wconf 90' lang='lat' dir='ltr'>in</span> <span class='ocrx_word' id='word_1_138' title='bbox 1602 829 1804 862; x_wconf 83' lang='lat' dir='ltr'>Traunstain.</span> 
     </span>
     <span class='ocr_line' id='line_1_14' title="bbox 461 882 790 915; baseline -0.006 0"><span class='ocrx_word' id='word_1_139' title='bbox 461 882 628 915; x_wconf 78' lang='lat' dir='ltr'>conradus</span> <span class='ocrx_word' id='word_1_140' title='bbox 651 892 700 914; x_wconf 81' lang='lat' dir='ltr'>cv.</span> <span class='ocrx_word' id='word_1_141' title='bbox 715 892 745 913; x_wconf 88' lang='lat'>11.</span> <span class='ocrx_word' id='word_1_142' title='bbox 763 892 790 914; x_wconf 91' lang='lat' dir='ltr'>o.</span> 
     </span>
    </p>

    <p class='ocr_par' dir='ltr' id='par_1_7' title="bbox 409 933 890 965">
     <span class='ocr_line' id='line_1_15' title="bbox 409 933 890 965; baseline 0.002 -1"><span class='ocrx_word' id='word_1_143' title='bbox 409 937 435 965; x_wconf 89' lang='lat' dir='ltr'>S.</span> <span class='ocrx_word' id='word_1_144' title='bbox 448 937 510 964; x_wconf 96' lang='lat' dir='ltr'>LE.</span> <span class='ocrx_word' id='word_1_145' title='bbox 531 933 714 965; x_wconf 87' lang='lat' dir='ltr'>Adilheidis</span> <span class='ocrx_word' id='word_1_146' title='bbox 737 944 798 965; x_wconf 84' lang='lat' dir='ltr'>sor.</span> <span class='ocrx_word' id='word_1_147' title='bbox 815 944 846 964; x_wconf 88' lang='lat' dir='ltr'>n.</span> <span class='ocrx_word' id='word_1_148' title='bbox 863 943 890 965; x_wconf 79' lang='grc' dir='ltr'>ο.</span> 
     </span>
    </p>

    <p class='ocr_par' dir='ltr' id='par_1_8' title="bbox 150 984 1804 1130">
     <span class='ocr_line' id='line_1_16' title="bbox 150 984 1804 1027; baseline -0.001 -9"><span class='ocrx_word' id='word_1_149' title='bbox 150 989 192 1018; x_wconf 87' lang='grc'>20.</span> <span class='ocrx_word' id='word_1_150' title='bbox 237 989 310 1017; x_wconf 86' lang='lat' dir='ltr'>XIII.</span> <span class='ocrx_word' id='word_1_151' title='bbox 324 989 381 1016; x_wconf 82' lang='lat' dir='ltr'>kal.</span> <span class='ocrx_word' id='word_1_152' title='bbox 409 988 509 1016; x_wconf 86' lang='lat' dir='ltr'>M.LI.</span> <span class='ocrx_word' id='word_1_153' title='bbox 527 985 732 1027; x_wconf 63' lang='lat' dir='ltr'>Hatwiousd)</span> <span class='ocrx_word' id='word_1_154' title='bbox 754 984 824 1027; x_wconf 89' lang='lat' dir='ltr'>pbr.</span> <span class='ocrx_word' id='word_1_155' title='bbox 842 988 875 1016; x_wconf 81' lang='lat' dir='ltr'>et</span> <span class='ocrx_word' id='word_1_156' title='bbox 890 995 932 1017; x_wconf 91' lang='lat' dir='ltr'>m.</span> <span class='ocrx_word' id='word_1_157' title='bbox 950 995 980 1016; x_wconf 90' lang='lat' dir='ltr'>n.</span> <span class='ocrx_word' id='word_1_158' title='bbox 997 995 1024 1016; x_wconf 91' lang='lat' dir='ltr'>o.</span> <span class='ocrx_word' id='word_1_159' title='bbox 1069 984 1231 1016; x_wconf 79' lang='lat' dir='ltr'>Iohannes</span> <span class='ocrx_word' id='word_1_160' title='bbox 1246 985 1317 1027; x_wconf 85' lang='lat' dir='ltr'>pbr.</span> <span class='ocrx_word' id='word_1_161' title='bbox 1334 988 1366 1017; x_wconf 81' lang='lat' dir='ltr'>et</span> <span class='ocrx_word' id='word_1_162' title='bbox 1381 995 1423 1016; x_wconf 92' lang='lat' dir='ltr'>m.</span> <span class='ocrx_word' id='word_1_163' title='bbox 1440 985 1472 1016; x_wconf 89' lang='lat' dir='ltr'>in</span> <span class='ocrx_word' id='word_1_164' title='bbox 1488 984 1662 1016; x_wconf 80' lang='lat' dir='ltr'>Lambaoo.</span> <span class='ocrx_word' id='word_1_165' title='bbox 1707 984 1804 1026; x_wconf 86' lang='lat' dir='ltr'>Hugo</span> 
     </span>
     <span class='ocr_line' id='line_1_17' title="bbox 460 1035 1804 1078; baseline -0.001 -10"><span class='ocrx_word' id='word_1_166' title='bbox 460 1036 500 1068; x_wconf 88' lang='lat' dir='ltr'>de</span> <span class='ocrx_word' id='word_1_167' title='bbox 515 1036 644 1068; x_wconf 69' lang='lat' dir='ltr'>Melino.</span> <span class='ocrx_word' id='word_1_168' title='bbox 681 1036 842 1068; x_wconf 84' lang='lat' dir='ltr'>Iohannes</span> <span class='ocrx_word' id='word_1_169' title='bbox 858 1046 905 1068; x_wconf 87' lang='lat' dir='ltr'>ev.</span> <span class='ocrx_word' id='word_1_170' title='bbox 924 1035 965 1068; x_wconf 89' lang='lat' dir='ltr'>de</span> <span class='ocrx_word' id='word_1_171' title='bbox 980 1036 1175 1068; x_wconf 80' lang='lat' dir='ltr'>Diernstain.</span> <span class='ocrx_word' id='word_1_172' title='bbox 1214 1036 1376 1068; x_wconf 83' lang='lat' dir='ltr'>Iohannes</span> <span class='ocrx_word' id='word_1_173' title='bbox 1392 1036 1460 1078; x_wconf 88' lang='lat' dir='ltr'>pbr.</span> <span class='ocrx_word' id='word_1_174' title='bbox 1478 1039 1510 1068; x_wconf 79' lang='lat' dir='ltr'>et</span> <span class='ocrx_word' id='word_1_175' title='bbox 1525 1047 1567 1068; x_wconf 91' lang='lat' dir='ltr'>m.</span> <span class='ocrx_word' id='word_1_176' title='bbox 1580 1036 1679 1068; x_wconf 85' lang='lat' dir='ltr'>Oellis</span> <span class='ocrx_word' id='word_1_177' title='bbox 1693 1036 1804 1068; x_wconf 83' lang='lat' dir='ltr'>Marie.</span> 
     </span>
     <span class='ocr_line' id='line_1_18' title="bbox 459 1087 1332 1130; baseline -0.001 -10"><span class='ocrx_word' id='word_1_178' title='bbox 459 1088 599 1120; x_wconf 84' lang='lat' dir='ltr'>Michael</span> <span class='ocrx_word' id='word_1_179' title='bbox 622 1088 692 1130; x_wconf 85' lang='lat' dir='ltr'>pbr.</span> <span class='ocrx_word' id='word_1_180' title='bbox 709 1090 743 1120; x_wconf 82' lang='lat' dir='ltr'>et</span> <span class='ocrx_word' id='word_1_181' title='bbox 765 1098 834 1120; x_wconf 84' lang='lat' dir='ltr'>ean.</span> <span class='ocrx_word' id='word_1_182' title='bbox 850 1088 986 1119; x_wconf 81' lang='lat' dir='ltr'>Patavie</span> <span class='ocrx_word' id='word_1_183' title='bbox 1010 1087 1052 1119; x_wconf 81' lang='lat' dir='ltr'>ad</span> <span class='ocrx_word' id='word_1_184' title='bbox 1075 1087 1135 1119; x_wconf 67' lang='lat' dir='ltr'>Sum</span> <span class='ocrx_word' id='word_1_185' title='bbox 1151 1087 1332 1119; x_wconf 84' lang='lat' dir='ltr'>Nicolaum.</span> 
     </span>
    </p>

    <p class='ocr_par' dir='ltr' id='par_1_9' title="bbox 151 1139 1513 1276">
     <span class='ocr_line' id='line_1_19' title="bbox 410 1139 1291 1181; baseline 0.001 -11"><span class='ocrx_word' id='word_1_186' title='bbox 410 1143 439 1170; x_wconf 92' lang='lat' dir='ltr'>S.</span> <span class='ocrx_word' id='word_1_187' title='bbox 453 1143 515 1170; x_wconf 90' lang='lat' dir='ltr'>LE.</span> <span class='ocrx_word' id='word_1_188' title='bbox 535 1139 638 1171; x_wconf 81' lang='lat' dir='ltr'>GisiIa</span> <span class='ocrx_word' id='word_1_189' title='bbox 661 1150 723 1171; x_wconf 87' lang='lat' dir='ltr'>sor.</span> <span class='ocrx_word' id='word_1_190' title='bbox 738 1150 769 1171; x_wconf 90' lang='lat' dir='ltr'>n.</span> <span class='ocrx_word' id='word_1_191' title='bbox 785 1150 811 1171; x_wconf 85' lang='lat' dir='ltr'>c.</span> <span class='ocrx_word' id='word_1_192' title='bbox 857 1139 953 1171; x_wconf 86' lang='lat' dir='ltr'>Anna</span> <span class='ocrx_word' id='word_1_193' title='bbox 975 1139 1116 1181; x_wconf 81' lang='lat' dir='ltr'>Hawgin</span> <span class='ocrx_word' id='word_1_194' title='bbox 1139 1149 1201 1172; x_wconf 86' lang='lat' dir='ltr'>sor.</span> <span class='ocrx_word' id='word_1_195' title='bbox 1217 1150 1246 1170; x_wconf 90' lang='lat' dir='ltr'>n.</span> <span class='ocrx_word' id='word_1_196' title='bbox 1264 1149 1291 1171; x_wconf 88' lang='lat' dir='ltr'>c.</span> 
     </span>
     <span class='ocr_line' id='line_1_20' title="bbox 151 1190 1513 1233; baseline 0 -11"><span class='ocrx_word' id='word_1_197' title='bbox 151 1196 192 1223; x_wconf 95' lang='lat'>21.</span> <span class='ocrx_word' id='word_1_198' title='bbox 254 1195 315 1223; x_wconf 91' lang='lat' dir='ltr'>XII.</span> <span class='ocrx_word' id='word_1_199' title='bbox 328 1195 386 1222; x_wconf 80' lang='lat' dir='ltr'>kal.</span> <span class='ocrx_word' id='word_1_200' title='bbox 413 1195 517 1223; x_wconf 76' lang='lat' dir='ltr'>MLI.</span> <span class='ocrx_word' id='word_1_201' title='bbox 535 1191 688 1224; x_wconf 80' lang='lat' dir='ltr'>Albertus</span> <span class='ocrx_word' id='word_1_202' title='bbox 711 1191 815 1233; x_wconf 82' lang='lat' dir='ltr'>dyae.,</span> <span class='ocrx_word' id='word_1_203' title='bbox 838 1201 880 1222; x_wconf 90' lang='lat' dir='ltr'>m.</span> <span class='ocrx_word' id='word_1_204' title='bbox 897 1202 927 1222; x_wconf 93' lang='lat' dir='ltr'>n.</span> <span class='ocrx_word' id='word_1_205' title='bbox 944 1201 970 1223; x_wconf 90' lang='lat' dir='ltr'>c.</span> <span class='ocrx_word' id='word_1_206' title='bbox 1016 1190 1188 1222; x_wconf 88' lang='lat' dir='ltr'>Heinrious</span> <span class='ocrx_word' id='word_1_207' title='bbox 1212 1190 1252 1222; x_wconf 87' lang='lat' dir='ltr'>de</span> <span class='ocrx_word' id='word_1_208' title='bbox 1275 1190 1312 1223; x_wconf 84' lang='lat' dir='ltr'>S⁰</span> <span class='ocrx_word' id='word_1_209' title='bbox 1327 1190 1513 1223; x_wconf 83' lang='lat' dir='ltr'>Lamberto.</span> 
     </span>
     <span class='ocr_line' id='line_1_21' title="bbox 409 1242 1072 1276; baseline -0.002 -7"><span class='ocrx_word' id='word_1_210' title='bbox 409 1242 436 1269; x_wconf 85' lang='lat' dir='ltr'>S.</span> <span class='ocrx_word' id='word_1_211' title='bbox 449 1242 510 1270; x_wconf 79' lang='lat' dir='ltr'>LE.</span> <span class='ocrx_word' id='word_1_212' title='bbox 530 1243 623 1276; x_wconf 77' lang='lat' dir='ltr'>Agnes</span> <span class='ocrx_word' id='word_1_213' title='bbox 641 1242 675 1269; x_wconf 88' lang='lat' dir='ltr'>de</span> <span class='ocrx_word' id='word_1_214' title='bbox 695 1242 902 1276; x_wconf 77' lang='lat' dir='ltr'>Kuetzpuechel</span> <span class='ocrx_word' id='word_1_215' title='bbox 921 1247 990 1268; x_wconf 77' lang='lat' dir='ltr'>nov·</span> <span class='ocrx_word' id='word_1_216' title='bbox 1008 1251 1034 1268; x_wconf 88' lang='lat' dir='ltr'>n.</span> <span class='ocrx_word' id='word_1_217' title='bbox 1047 1250 1072 1269; x_wconf 82' lang='lat' dir='ltr'>c.</span> 
     </span>
    </p>

    <p class='ocr_par' dir='ltr' id='par_1_10' title="bbox 151 1284 1806 1327">
     <span class='ocr_line' id='line_1_22' title="bbox 151 1284 1806 1327; baseline -0.001 -10"><span class='ocrx_word' id='word_1_218' title='bbox 151 1290 194 1318; x_wconf 88' lang='lat'>22.</span> <span class='ocrx_word' id='word_1_219' title='bbox 267 1290 313 1316; x_wconf 93' lang='lat' dir='ltr'>XI.</span> <span class='ocrx_word' id='word_1_220' title='bbox 326 1290 383 1317; x_wconf 82' lang='lat' dir='ltr'>kal.</span> <span class='ocrx_word' id='word_1_221' title='bbox 410 1290 510 1317; x_wconf 88' lang='lat' dir='ltr'>M.LI.</span> <span class='ocrx_word' id='word_1_222' title='bbox 528 1285 701 1318; x_wconf 81' lang='lat' dir='ltr'>Pertoldus</span> <span class='ocrx_word' id='word_1_223' title='bbox 730 1286 771 1318; x_wconf 88' lang='lat' dir='ltr'>de</span> <span class='ocrx_word' id='word_1_224' title='bbox 795 1285 1058 1327; x_wconf 79' lang='lat' dir='ltr'>Seyttenstetenn</span> <span class='ocrx_word' id='word_1_225' title='bbox 1080 1285 1150 1327; x_wconf 89' lang='lat' dir='ltr'>pbr.</span> <span class='ocrx_word' id='word_1_226' title='bbox 1172 1288 1205 1317; x_wconf 79' lang='lat' dir='ltr'>et</span> <span class='ocrx_word' id='word_1_227' title='bbox 1227 1296 1269 1317; x_wconf 94' lang='lat' dir='ltr'>m.</span> <span class='ocrx_word' id='word_1_228' title='bbox 1315 1285 1505 1318; x_wconf 86' lang='lat' dir='ltr'>Chunradus</span> <span class='ocrx_word' id='word_1_229' title='bbox 1527 1296 1570 1316; x_wconf 94' lang='lat' dir='ltr'>m.</span> <span class='ocrx_word' id='word_1_230' title='bbox 1586 1296 1616 1316; x_wconf 94' lang='lat' dir='ltr'>n.</span> <span class='ocrx_word' id='word_1_231' title='bbox 1633 1295 1659 1316; x_wconf 84' lang='lat' dir='ltr'>o.</span> <span class='ocrx_word' id='word_1_232' title='bbox 1706 1284 1806 1326; x_wconf 85' lang='lat' dir='ltr'>Sigis-</span> 
     </span>
    </p>

    <p class='ocr_par' dir='ltr' id='par_1_11' title="bbox 409 1336 1761 1421">
     <span class='ocr_line' id='line_1_23' title="bbox 460 1336 1761 1380; baseline -0.001 -11"><span class='ocrx_word' id='word_1_233' title='bbox 460 1337 598 1370; x_wconf 85' lang='lat' dir='ltr'>muudus</span> <span class='ocrx_word' id='word_1_234' title='bbox 620 1337 690 1380; x_wconf 89' lang='lat' dir='ltr'>pbr.</span> <span class='ocrx_word' id='word_1_235' title='bbox 707 1341 740 1369; x_wconf 82' lang='lat' dir='ltr'>et</span> <span class='ocrx_word' id='word_1_236' title='bbox 762 1348 804 1369; x_wconf 92' lang='lat' dir='ltr'>m.</span> <span class='ocrx_word' id='word_1_237' title='bbox 822 1337 863 1369; x_wconf 87' lang='lat' dir='ltr'>de</span> <span class='ocrx_word' id='word_1_238' title='bbox 887 1337 1080 1369; x_wconf 81' lang='lat' dir='ltr'>Lambacco.</span> <span class='ocrx_word' id='word_1_239' title='bbox 1119 1337 1370 1379; x_wconf 83' lang='lat' dir='ltr'>Wolffganngus</span> <span class='ocrx_word' id='word_1_240' title='bbox 1393 1337 1485 1379; x_wconf 85' lang='lat' dir='ltr'>dyac.</span> <span class='ocrx_word' id='word_1_241' title='bbox 1502 1337 1542 1369; x_wconf 85' lang='lat' dir='ltr'>de</span> <span class='ocrx_word' id='word_1_242' title='bbox 1567 1336 1603 1368; x_wconf 84' lang='lat' dir='ltr'>S⁰</span> <span class='ocrx_word' id='word_1_243' title='bbox 1618 1336 1761 1368; x_wconf 84' lang='lat' dir='ltr'>Andrea.</span> 
     </span>
     <span class='ocr_line' id='line_1_24' title="bbox 409 1389 801 1421; baseline 0 -1"><span class='ocrx_word' id='word_1_244' title='bbox 409 1392 439 1421; x_wconf 94' lang='lat' dir='ltr'>S.</span> <span class='ocrx_word' id='word_1_245' title='bbox 453 1393 515 1419; x_wconf 89' lang='lat' dir='ltr'>LE.</span> <span class='ocrx_word' id='word_1_246' title='bbox 533 1389 626 1421; x_wconf 80' lang='lat' dir='ltr'>Affra</span> <span class='ocrx_word' id='word_1_247' title='bbox 648 1399 710 1421; x_wconf 93' lang='lat' dir='ltr'>sor.</span> <span class='ocrx_word' id='word_1_248' title='bbox 726 1399 757 1420; x_wconf 92' lang='lat' dir='ltr'>n.</span> <span class='ocrx_word' id='word_1_249' title='bbox 774 1399 801 1421; x_wconf 86' lang='lat' dir='ltr'>c.</span> 
     </span>
    </p>

    <p class='ocr_par' dir='ltr' id='par_1_12' title="bbox 150 1439 1807 1483">
     <span class='ocr_line' id='line_1_25' title="bbox 150 1439 1807 1483; baseline 0 -12"><span class='ocrx_word' id='word_1_250' title='bbox 150 1444 193 1473; x_wconf 86' lang='lat'>23.</span> <span class='ocrx_word' id='word_1_251' title='bbox 279 1445 312 1473; x_wconf 93' lang='lat' dir='ltr'>X.</span> <span class='ocrx_word' id='word_1_252' title='bbox 324 1445 381 1472; x_wconf 83' lang='lat' dir='ltr'>kal.</span> <span class='ocrx_word' id='word_1_253' title='bbox 410 1444 514 1472; x_wconf 89' lang='lat' dir='ltr'>M.LI.</span> <span class='ocrx_word' id='word_1_254' title='bbox 531 1441 680 1473; x_wconf 84' lang='lat' dir='ltr'>Andreas</span> <span class='ocrx_word' id='word_1_255' title='bbox 704 1440 745 1472; x_wconf 83' lang='lat' dir='ltr'>de</span> <span class='ocrx_word' id='word_1_256' title='bbox 770 1440 806 1472; x_wconf 71' lang='lat'>8⁰</span> <span class='ocrx_word' id='word_1_257' title='bbox 820 1440 1031 1483; x_wconf 83' lang='lat' dir='ltr'>Yppollito.³)</span> <span class='ocrx_word' id='word_1_258' title='bbox 1076 1440 1218 1472; x_wconf 80' lang='lat' dir='ltr'>Thomas</span> <span class='ocrx_word' id='word_1_259' title='bbox 1239 1450 1281 1472; x_wconf 92' lang='lat' dir='ltr'>m.</span> <span class='ocrx_word' id='word_1_260' title='bbox 1298 1451 1328 1472; x_wconf 89' lang='lat' dir='ltr'>n.</span> <span class='ocrx_word' id='word_1_261' title='bbox 1346 1450 1372 1471; x_wconf 84' lang='lat' dir='ltr'>c.</span> <span class='ocrx_word' id='word_1_262' title='bbox 1417 1440 1457 1472; x_wconf 95' lang='lat' dir='ltr'>D.</span> <span class='ocrx_word' id='word_1_263' title='bbox 1475 1439 1666 1471; x_wconf 81' lang='lat' dir='ltr'>Thiburoius</span> <span class='ocrx_word' id='word_1_264' title='bbox 1686 1439 1756 1481; x_wconf 85' lang='lat' dir='ltr'>pbr.</span> <span class='ocrx_word' id='word_1_265' title='bbox 1773 1442 1807 1471; x_wconf 79' lang='lat' dir='ltr'>et</span> 
     </span>
    </p>

    <p class='ocr_par' dir='ltr' id='par_1_13' title="bbox 410 1491 1391 1576">
     <span class='ocr_line' id='line_1_26' title="bbox 462 1491 1391 1534; baseline -0.001 -10"><span class='ocrx_word' id='word_1_266' title='bbox 462 1492 588 1524; x_wconf 76' lang='lat' dir='ltr'>cande</span> <span class='ocrx_word' id='word_1_267' title='bbox 611 1491 798 1534; x_wconf 79' lang='lat' dir='ltr'>Neuburga.</span> <span class='ocrx_word' id='word_1_268' title='bbox 843 1491 1055 1524; x_wconf 87' lang='lat' dir='ltr'>Leonhardus</span> <span class='ocrx_word' id='word_1_269' title='bbox 1078 1502 1125 1524; x_wconf 65' lang='lat' dir='ltr'>or.</span> <span class='ocrx_word' id='word_1_270' title='bbox 1142 1493 1173 1523; x_wconf 91' lang='lat' dir='ltr'>in</span> <span class='ocrx_word' id='word_1_271' title='bbox 1197 1491 1391 1534; x_wconf 87' lang='lat' dir='ltr'>Ebersperg.</span> 
     </span>
     <span class='ocr_line' id='line_1_27' title="bbox 410 1543 831 1576; baseline 0.002 -2"><span class='ocrx_word' id='word_1_272' title='bbox 410 1547 440 1574; x_wconf 90' lang='lat' dir='ltr'>S.</span> <span class='ocrx_word' id='word_1_273' title='bbox 453 1547 515 1574; x_wconf 88' lang='lat' dir='ltr'>LE.</span> <span class='ocrx_word' id='word_1_274' title='bbox 533 1543 657 1576; x_wconf 86' lang='lat' dir='ltr'>Pertha</span> <span class='ocrx_word' id='word_1_275' title='bbox 679 1555 741 1575; x_wconf 89' lang='lat' dir='ltr'>sor.</span> <span class='ocrx_word' id='word_1_276' title='bbox 758 1554 788 1575; x_wconf 93' lang='lat' dir='ltr'>n.</span> <span class='ocrx_word' id='word_1_277' title='bbox 805 1554 831 1575; x_wconf 85' lang='lat' dir='ltr'>o.</span> 
     </span>
    </p>

    <p class='ocr_par' dir='ltr' id='par_1_14' title="bbox 151 1597 1804 1693">
     <span class='ocr_line' id='line_1_28' title="bbox 151 1597 1803 1641; baseline -0.001 -11"><span class='ocrx_word' id='word_1_278' title='bbox 151 1603 194 1632; x_wconf 80' lang='lat'>24.</span> <span class='ocrx_word' id='word_1_279' title='bbox 265 1603 312 1630; x_wconf 88' lang='lat' dir='ltr'>IX.</span> <span class='ocrx_word' id='word_1_280' title='bbox 326 1603 383 1631; x_wconf 81' lang='lat' dir='ltr'>kal.</span> <span class='ocrx_word' id='word_1_281' title='bbox 411 1603 512 1630; x_wconf 79' lang='grc' dir='ltr'>ΜΠ.</span> <span class='ocrx_word' id='word_1_282' title='bbox 530 1599 582 1631; x_wconf 81' lang='lat' dir='ltr'>Fr.</span> <span class='ocrx_word' id='word_1_283' title='bbox 597 1599 748 1636; x_wconf 82' lang='lat' dir='ltr'>Quirinus</span> <span class='ocrx_word' id='word_1_284' title='bbox 770 1599 840 1641; x_wconf 90' lang='lat' dir='ltr'>pbr.</span> <span class='ocrx_word' id='word_1_285' title='bbox 858 1601 892 1631; x_wconf 86' lang='lat' dir='ltr'>et</span> <span class='ocrx_word' id='word_1_286' title='bbox 911 1609 953 1630; x_wconf 92' lang='lat' dir='ltr'>m.</span> <span class='ocrx_word' id='word_1_287' title='bbox 969 1610 999 1630; x_wconf 89' lang='lat' dir='ltr'>n.</span> <span class='ocrx_word' id='word_1_288' title='bbox 1017 1609 1043 1631; x_wconf 85' lang='lat' dir='ltr'>e.</span> <span class='ocrx_word' id='word_1_289' title='bbox 1081 1599 1134 1631; x_wconf 88' lang='lat' dir='ltr'>Fr.</span> <span class='ocrx_word' id='word_1_290' title='bbox 1147 1599 1317 1631; x_wconf 73' lang='lat' dir='ltr'>Udalricus</span> <span class='ocrx_word' id='word_1_291' title='bbox 1337 1598 1377 1630; x_wconf 89' lang='lat' dir='ltr'>de</span> <span class='ocrx_word' id='word_1_292' title='bbox 1398 1598 1435 1630; x_wconf 83' lang='lat' dir='ltr'>S⁰</span> <span class='ocrx_word' id='word_1_293' title='bbox 1446 1599 1632 1640; x_wconf 82' lang='lat' dir='ltr'>Lamperto.</span> <span class='ocrx_word' id='word_1_294' title='bbox 1671 1597 1711 1629; x_wconf 92' lang='lat' dir='ltr'>D.</span> <span class='ocrx_word' id='word_1_295' title='bbox 1725 1597 1803 1630; x_wconf 82' lang='lat' dir='ltr'>Cas-</span> 
     </span>
     <span class='ocr_line' id='line_1_29' title="bbox 462 1649 1804 1693; baseline -0.001 -10"><span class='ocrx_word' id='word_1_296' title='bbox 462 1661 521 1692; x_wconf 88' lang='lat' dir='ltr'>par</span> <span class='ocrx_word' id='word_1_297' title='bbox 544 1651 584 1683; x_wconf 91' lang='lat' dir='ltr'>de</span> <span class='ocrx_word' id='word_1_298' title='bbox 609 1650 646 1683; x_wconf 77' lang='grc'>80</span> <span class='ocrx_word' id='word_1_299' title='bbox 663 1650 828 1693; x_wconf 80' lang='lat' dir='ltr'>Yppolito.</span> <span class='ocrx_word' id='word_1_300' title='bbox 873 1650 1043 1692; x_wconf 82' lang='lat' dir='ltr'>Philippus</span> <span class='ocrx_word' id='word_1_301' title='bbox 1066 1650 1134 1692; x_wconf 91' lang='lat' dir='ltr'>pbr.</span> <span class='ocrx_word' id='word_1_302' title='bbox 1152 1653 1186 1682; x_wconf 85' lang='lat' dir='ltr'>et</span> <span class='ocrx_word' id='word_1_303' title='bbox 1209 1660 1277 1682; x_wconf 86' lang='lat' dir='ltr'>can.</span> <span class='ocrx_word' id='word_1_304' title='bbox 1293 1650 1429 1682; x_wconf 81' lang='lat' dir='ltr'>Patavie</span> <span class='ocrx_word' id='word_1_305' title='bbox 1453 1649 1495 1681; x_wconf 84' lang='lat' dir='ltr'>ad</span> <span class='ocrx_word' id='word_1_306' title='bbox 1518 1649 1578 1681; x_wconf 69' lang='lat' dir='ltr'>Sum</span> <span class='ocrx_word' id='word_1_307' title='bbox 1594 1649 1804 1692; x_wconf 83' lang='lat' dir='ltr'>Ni(eolaum).</span> 
     </span>
    </p>

    <p class='ocr_par' dir='ltr' id='par_1_15' title="bbox 151 1705 1804 1800">
     <span class='ocr_line' id='line_1_30' title="bbox 151 1705 1803 1749; baseline -0.001 -11"><span class='ocrx_word' id='word_1_308' title='bbox 151 1710 195 1738; x_wconf 89' lang='lat'>25.</span> <span class='ocrx_word' id='word_1_309' title='bbox 237 1710 314 1738; x_wconf 88' lang='lat' dir='ltr'>VIII.</span> <span class='ocrx_word' id='word_1_310' title='bbox 327 1711 384 1738; x_wconf 79' lang='lat' dir='ltr'>kal.</span> <span class='ocrx_word' id='word_1_311' title='bbox 412 1710 514 1738; x_wconf 76' lang='lat' dir='ltr'>MLI.</span> <span class='ocrx_word' id='word_1_312' title='bbox 533 1706 573 1739; x_wconf 94' lang='lat' dir='ltr'>D.</span> <span class='ocrx_word' id='word_1_313' title='bbox 590 1706 761 1738; x_wconf 83' lang='lat' dir='ltr'>Rudolffus</span> <span class='ocrx_word' id='word_1_314' title='bbox 770 1706 797 1749; x_wconf 83' lang='lat'>⁴)</span> <span class='ocrx_word' id='word_1_315' title='bbox 821 1706 887 1739; x_wconf 84' lang='lat' dir='ltr'>dux</span> <span class='ocrx_word' id='word_1_316' title='bbox 903 1707 1044 1738; x_wconf 83' lang='lat' dir='ltr'>Austrie.</span> <span class='ocrx_word' id='word_1_317' title='bbox 1089 1706 1238 1738; x_wconf 78' lang='lat' dir='ltr'>Andreas</span> <span class='ocrx_word' id='word_1_318' title='bbox 1261 1706 1407 1748; x_wconf 82' lang='lat' dir='ltr'>provisor</span> <span class='ocrx_word' id='word_1_319' title='bbox 1428 1706 1596 1747; x_wconf 82' lang='lat' dir='ltr'>virginum,</span> <span class='ocrx_word' id='word_1_320' title='bbox 1619 1705 1689 1747; x_wconf 90' lang='lat' dir='ltr'>pbr.</span> <span class='ocrx_word' id='word_1_321' title='bbox 1707 1708 1740 1737; x_wconf 80' lang='lat' dir='ltr'>et</span> <span class='ocrx_word' id='word_1_322' title='bbox 1762 1716 1803 1737; x_wconf 90' lang='lat' dir='ltr'>m.</span> 
     </span>
     <span class='ocr_line' id='line_1_31' title="bbox 460 1757 1804 1800; baseline -0.001 -10"><span class='ocrx_word' id='word_1_323' title='bbox 460 1770 491 1790; x_wconf 84' lang='lat' dir='ltr'>n.</span> <span class='ocrx_word' id='word_1_324' title='bbox 505 1769 532 1790; x_wconf 86' lang='lat' dir='ltr'>o.</span> <span class='ocrx_word' id='word_1_325' title='bbox 571 1757 736 1790; x_wconf 80' lang='lat' dir='ltr'>cristanus</span> <span class='ocrx_word' id='word_1_326' title='bbox 752 1757 821 1800; x_wconf 90' lang='lat' dir='ltr'>pbr.</span> <span class='ocrx_word' id='word_1_327' title='bbox 838 1761 872 1790; x_wconf 85' lang='lat' dir='ltr'>et</span> <span class='ocrx_word' id='word_1_328' title='bbox 886 1769 928 1790; x_wconf 92' lang='lat' dir='ltr'>m.</span> <span class='ocrx_word' id='word_1_329' title='bbox 943 1758 1020 1790; x_wconf 82' lang='lat' dir='ltr'>Alte</span> <span class='ocrx_word' id='word_1_330' title='bbox 1036 1757 1211 1790; x_wconf 87' lang='lat' dir='ltr'>Inferioris.</span> <span class='ocrx_word' id='word_1_331' title='bbox 1249 1758 1289 1790; x_wconf 84' lang='lat' dir='ltr'>N.</span> <span class='ocrx_word' id='word_1_332' title='bbox 1302 1757 1340 1789; x_wconf 87' lang='lat' dir='ltr'>fr.</span> <span class='ocrx_word' id='word_1_333' title='bbox 1354 1757 1522 1789; x_wconf 78' lang='lat' dir='ltr'>Oonradus</span> <span class='ocrx_word' id='word_1_334' title='bbox 1537 1757 1606 1799; x_wconf 92' lang='lat' dir='ltr'>pbr.</span> <span class='ocrx_word' id='word_1_335' title='bbox 1620 1760 1653 1789; x_wconf 75' lang='lat' dir='ltr'>et</span> <span class='ocrx_word' id='word_1_336' title='bbox 1669 1768 1710 1789; x_wconf 90' lang='lat' dir='ltr'>m.</span> <span class='ocrx_word' id='word_1_337' title='bbox 1724 1768 1752 1789; x_wconf 92' lang='lat' dir='ltr'>n.</span> <span class='ocrx_word' id='word_1_338' title='bbox 1767 1768 1804 1797; x_wconf 87' lang='lat' dir='ltr'>o.,</span> 
     </span>
    </p>

    <p class='ocr_par' dir='ltr' id='par_1_16' title="bbox 408 1802 1195 1888">
     <span class='ocr_line' id='line_1_32' title="bbox 437 1802 1195 1852; baseline 0 -11"><span class='ocrx_word' id='word_1_339' title='bbox 437 1802 440 1806; x_wconf 32' lang='grc' dir='ltr'><em>Ι</em></span> <span class='ocrx_word' id='word_1_340' title='bbox 458 1810 612 1852; x_wconf 78' lang='lat' dir='ltr'>provisor.</span> <span class='ocrx_word' id='word_1_341' title='bbox 659 1814 703 1841; x_wconf 87' lang='lat' dir='ltr'>Fr.</span> <span class='ocrx_word' id='word_1_342' title='bbox 719 1813 852 1842; x_wconf 83' lang='lat' dir='ltr'>Nicolaus</span> <span class='ocrx_word' id='word_1_343' title='bbox 875 1813 971 1842; x_wconf 83' lang='lat' dir='ltr'>senior</span> <span class='ocrx_word' id='word_1_344' title='bbox 992 1814 1027 1841; x_wconf 82' lang='lat' dir='ltr'>de</span> <span class='ocrx_word' id='word_1_345' title='bbox 1050 1814 1195 1841; x_wconf 79' lang='lat' dir='ltr'>Mannsee.</span> 
     </span>
     <span class='ocr_line' id='line_1_33' title="bbox 408 1860 1075 1888; baseline -0.001 0"><span class='ocrx_word' id='word_1_346' title='bbox 408 1861 436 1888; x_wconf 83' lang='lat' dir='ltr'>S.</span> <span class='ocrx_word' id='word_1_347' title='bbox 449 1861 512 1887; x_wconf 88' lang='lat' dir='ltr'>LE.</span> <span class='ocrx_word' id='word_1_348' title='bbox 531 1860 668 1888; x_wconf 77' lang='lat' dir='ltr'>Katen&#39;na</span> <span class='ocrx_word' id='word_1_349' title='bbox 679 1860 902 1888; x_wconf 77' lang='lat' dir='ltr'>Varsthueberin</span> <span class='ocrx_word' id='word_1_350' title='bbox 921 1869 975 1887; x_wconf 80' lang='lat' dir='ltr'>van</span> <span class='ocrx_word' id='word_1_351' title='bbox 993 1860 1075 1888; x_wconf 72' lang='lat' dir='ltr'>Steir.</span> 
     </span>
    </p>

    <p class='ocr_par' dir='ltr' id='par_1_17' title="bbox 150 1906 1805 1950">
     <span class='ocr_line' id='line_1_34' title="bbox 150 1906 1805 1950; baseline -0.001 -11"><span class='ocrx_word' id='word_1_352' title='bbox 150 1913 192 1940; x_wconf 87' lang='lat'>26.</span> <span class='ocrx_word' id='word_1_353' title='bbox 251 1912 313 1939; x_wconf 93' lang='lat' dir='ltr'>VII.</span> <span class='ocrx_word' id='word_1_354' title='bbox 326 1912 383 1940; x_wconf 82' lang='lat' dir='ltr'>kal.</span> <span class='ocrx_word' id='word_1_355' title='bbox 409 1912 451 1940; x_wconf 85' lang='lat' dir='ltr'>M.</span> <span class='ocrx_word' id='word_1_356' title='bbox 461 1912 514 1939; x_wconf 92' lang='lat' dir='ltr'>LI.</span> <span class='ocrx_word' id='word_1_357' title='bbox 531 1908 746 1950; x_wconf 77' lang='lat' dir='ltr'>Eberbinus0)</span> <span class='ocrx_word' id='word_1_358' title='bbox 769 1908 839 1950; x_wconf 89' lang='lat' dir='ltr'>pbr.</span> <span class='ocrx_word' id='word_1_359' title='bbox 856 1911 890 1940; x_wconf 85' lang='lat' dir='ltr'>et</span> <span class='ocrx_word' id='word_1_360' title='bbox 911 1919 954 1941; x_wconf 92' lang='lat' dir='ltr'>m.</span> <span class='ocrx_word' id='word_1_361' title='bbox 970 1919 1000 1941; x_wconf 93' lang='lat' dir='ltr'>n.</span> <span class='ocrx_word' id='word_1_362' title='bbox 1017 1919 1044 1941; x_wconf 81' lang='lat' dir='ltr'>o.</span> <span class='ocrx_word' id='word_1_363' title='bbox 1090 1909 1238 1940; x_wconf 84' lang='lat' dir='ltr'>Andreas</span> <span class='ocrx_word' id='word_1_364' title='bbox 1262 1909 1331 1950; x_wconf 90' lang='lat' dir='ltr'>pbr.</span> <span class='ocrx_word' id='word_1_365' title='bbox 1349 1911 1382 1940; x_wconf 82' lang='lat' dir='ltr'>et</span> <span class='ocrx_word' id='word_1_366' title='bbox 1401 1919 1443 1940; x_wconf 90' lang='lat' dir='ltr'>m.</span> <span class='ocrx_word' id='word_1_367' title='bbox 1461 1918 1490 1939; x_wconf 92' lang='lat' dir='ltr'>n.</span> <span class='ocrx_word' id='word_1_368' title='bbox 1507 1917 1533 1939; x_wconf 87' lang='lat' dir='ltr'>c.</span> <span class='ocrx_word' id='word_1_369' title='bbox 1578 1906 1805 1939; x_wconf 79' lang='lat' dir='ltr'>Periohtoldus</span> 
     </span>
    </p>

    <p class='ocr_par' dir='ltr' id='par_1_18' title="bbox 409 1960 945 2054">
     <span class='ocr_line' id='line_1_35' title="bbox 460 1960 945 2002; baseline 0 -10"><span class='ocrx_word' id='word_1_370' title='bbox 460 1960 531 2002; x_wconf 89' lang='lat' dir='ltr'>pbr.</span> <span class='ocrx_word' id='word_1_371' title='bbox 548 1963 581 1992; x_wconf 86' lang='lat' dir='ltr'>et</span> <span class='ocrx_word' id='word_1_372' title='bbox 603 1968 646 1992; x_wconf 89' lang='lat' dir='ltr'>m.</span> <span class='ocrx_word' id='word_1_373' title='bbox 663 1961 746 2002; x_wconf 86' lang='lat' dir='ltr'>prof.</span> <span class='ocrx_word' id='word_1_374' title='bbox 762 1961 795 1991; x_wconf 93' lang='lat' dir='ltr'>in</span> <span class='ocrx_word' id='word_1_375' title='bbox 817 1960 945 1992; x_wconf 84' lang='lat' dir='ltr'>Melico.</span> 
     </span>
     <span class='ocr_line' id='line_1_36' title="bbox 409 2011 890 2054; baseline 0.004 -13"><span class='ocrx_word' id='word_1_376' title='bbox 409 2015 435 2042; x_wconf 87' lang='lat' dir='ltr'>S.</span> <span class='ocrx_word' id='word_1_377' title='bbox 450 2015 511 2043; x_wconf 89' lang='lat' dir='ltr'>LE.</span> <span class='ocrx_word' id='word_1_378' title='bbox 530 2011 714 2054; x_wconf 87' lang='lat' dir='ltr'>Kunigildis</span> <span class='ocrx_word' id='word_1_379' title='bbox 737 2022 799 2044; x_wconf 91' lang='lat' dir='ltr'>sor.</span> <span class='ocrx_word' id='word_1_380' title='bbox 816 2023 846 2044; x_wconf 95' lang='lat' dir='ltr'>n.</span> <span class='ocrx_word' id='word_1_381' title='bbox 864 2022 890 2044; x_wconf 83' lang='lat' dir='ltr'>o.</span> 
     </span>
    </p>

    <p class='ocr_par' dir='ltr' id='par_1_19' title="bbox 151 2067 1805 2146">
     <span class='ocr_line' id='line_1_37' title="bbox 151 2067 1805 2109; baseline -0.001 -10"><span class='ocrx_word' id='word_1_382' title='bbox 151 2071 194 2099; x_wconf 86' lang='grc'>27.</span> <span class='ocrx_word' id='word_1_383' title='bbox 269 2072 315 2100; x_wconf 92' lang='lat' dir='ltr'>Vl.</span> <span class='ocrx_word' id='word_1_384' title='bbox 327 2071 384 2099; x_wconf 80' lang='lat' dir='ltr'>kal.</span> <span class='ocrx_word' id='word_1_385' title='bbox 411 2071 452 2098; x_wconf 86' lang='lat' dir='ltr'>M.</span> <span class='ocrx_word' id='word_1_386' title='bbox 461 2071 512 2098; x_wconf 89' lang='lat' dir='ltr'>LI.</span> <span class='ocrx_word' id='word_1_387' title='bbox 532 2067 573 2100; x_wconf 89' lang='lat' dir='ltr'>D.</span> <span class='ocrx_word' id='word_1_388' title='bbox 589 2067 804 2100; x_wconf 79' lang='lat' dir='ltr'>Perchtoldus</span> <span class='ocrx_word' id='word_1_389' title='bbox 827 2067 900 2099; x_wconf 82' lang='lat' dir='ltr'>abb.</span> <span class='ocrx_word' id='word_1_390' title='bbox 919 2067 1101 2099; x_wconf 85' lang='lat' dir='ltr'>Gerstensis</span> <span class='ocrx_word' id='word_1_391' title='bbox 1112 2067 1138 2109; x_wconf 83' lang='lat'>⁵)</span> <span class='ocrx_word' id='word_1_392' title='bbox 1158 2078 1200 2099; x_wconf 88' lang='lat' dir='ltr'>m.</span> <span class='ocrx_word' id='word_1_393' title='bbox 1216 2078 1246 2099; x_wconf 94' lang='lat' dir='ltr'>n.</span> <span class='ocrx_word' id='word_1_394' title='bbox 1264 2076 1290 2098; x_wconf 89' lang='lat' dir='ltr'>o.</span> <span class='ocrx_word' id='word_1_395' title='bbox 1330 2070 1504 2099; x_wconf 83' lang='lat' dir='ltr'>Lienhardus</span> <span class='ocrx_word' id='word_1_396' title='bbox 1520 2070 1651 2098; x_wconf 83' lang='lat' dir='ltr'>Peschler</span> <span class='ocrx_word' id='word_1_397' title='bbox 1666 2070 1685 2097; x_wconf 89' lang='lat' dir='ltr'>I.</span> <span class='ocrx_word' id='word_1_398' title='bbox 1722 2070 1805 2097; x_wconf 86' lang='lat' dir='ltr'>Anna</span> 
     </span>
     <span class='ocr_line' id='line_1_38' title="bbox 461 2118 766 2146; baseline 0 -1"><span class='ocrx_word' id='word_1_399' title='bbox 461 2118 622 2146; x_wconf 86' lang='lat' dir='ltr'>Peschlerin</span> <span class='ocrx_word' id='word_1_400' title='bbox 640 2127 685 2146; x_wconf 84' lang='lat' dir='ltr'>ux.</span> <span class='ocrx_word' id='word_1_401' title='bbox 698 2118 766 2146; x_wconf 79' lang='lat' dir='ltr'>eius.</span> 
     </span>
    </p>

    <p class='ocr_par' dir='ltr' id='par_1_20' title="bbox 408 2161 854 2194">
     <span class='ocr_line' id='line_1_39' title="bbox 408 2161 854 2194; baseline 0.004 -3"><span class='ocrx_word' id='word_1_402' title='bbox 408 2161 435 2192; x_wconf 86' lang='lat' dir='ltr'>S.</span> <span class='ocrx_word' id='word_1_403' title='bbox 449 2165 510 2192; x_wconf 83' lang='lat' dir='ltr'>LE.</span> <span class='ocrx_word' id='word_1_404' title='bbox 531 2162 629 2194; x_wconf 79' lang='lat' dir='ltr'>Alma</span> <span class='ocrx_word' id='word_1_405' title='bbox 651 2161 795 2194; x_wconf 87' lang='lat' dir='ltr'>Zinserin</span> <span class='ocrx_word' id='word_1_406' title='bbox 818 2162 854 2194; x_wconf 65' lang='lat'>1⁸.</span> 
     </span>
    </p>

    <p class='ocr_par' dir='ltr' id='par_1_21' title="bbox 151 2215 1803 2303">
     <span class='ocr_line' id='line_1_40' title="bbox 151 2215 1803 2260; baseline -0.001 -12"><span class='ocrx_word' id='word_1_407' title='bbox 151 2220 195 2249; x_wconf 87' lang='lat'>28.</span> <span class='ocrx_word' id='word_1_408' title='bbox 277 2221 310 2249; x_wconf 90' lang='lat' dir='ltr'>V.</span> <span class='ocrx_word' id='word_1_409' title='bbox 323 2221 381 2249; x_wconf 80' lang='lat' dir='ltr'>kal.</span> <span class='ocrx_word' id='word_1_410' title='bbox 411 2221 450 2247; x_wconf 90' lang='lat' dir='ltr'>M.</span> <span class='ocrx_word' id='word_1_411' title='bbox 461 2221 514 2248; x_wconf 93' lang='lat' dir='ltr'>LI.</span> <span class='ocrx_word' id='word_1_412' title='bbox 534 2217 574 2250; x_wconf 92' lang='lat' dir='ltr'>D.</span> <span class='ocrx_word' id='word_1_413' title='bbox 588 2217 711 2259; x_wconf 80' lang='lat' dir='ltr'>Caspar</span> <span class='ocrx_word' id='word_1_414' title='bbox 726 2228 795 2249; x_wconf 82' lang='lat' dir='ltr'>can.</span> <span class='ocrx_word' id='word_1_415' title='bbox 813 2217 853 2250; x_wconf 89' lang='lat' dir='ltr'>de</span> <span class='ocrx_word' id='word_1_416' title='bbox 869 2217 1067 2260; x_wconf 62' lang='lat' dir='ltr'>Newurgal)</span> <span class='ocrx_word' id='word_1_417' title='bbox 1101 2217 1262 2249; x_wconf 87' lang='lat' dir='ltr'>Iohannes</span> <span class='ocrx_word' id='word_1_418' title='bbox 1278 2217 1347 2258; x_wconf 92' lang='lat' dir='ltr'>pbr.</span> <span class='ocrx_word' id='word_1_419' title='bbox 1362 2219 1394 2249; x_wconf 83' lang='lat' dir='ltr'>et</span> <span class='ocrx_word' id='word_1_420' title='bbox 1410 2226 1479 2248; x_wconf 76' lang='lat' dir='ltr'>oan-</span> <span class='ocrx_word' id='word_1_421' title='bbox 1495 2216 1538 2248; x_wconf 83' lang='lat' dir='ltr'>ad</span> <span class='ocrx_word' id='word_1_422' title='bbox 1553 2215 1613 2248; x_wconf 64' lang='lat' dir='ltr'>Sum</span> <span class='ocrx_word' id='word_1_423' title='bbox 1626 2215 1803 2257; x_wconf 79' lang='lat' dir='ltr'>Ypolitum.</span> 
     </span>
     <span class='ocr_line' id='line_1_41' title="bbox 460 2268 820 2303; baseline 0 -8"><span class='ocrx_word' id='word_1_424' title='bbox 460 2269 585 2296; x_wconf 76' lang='lat' dir='ltr'>Mathias</span> <span class='ocrx_word' id='word_1_425' title='bbox 603 2269 783 2303; x_wconf 73' lang='lat' dir='ltr'>Sparerranst</span> <span class='ocrx_word' id='word_1_426' title='bbox 800 2268 820 2296; x_wconf 91' lang='lat' dir='ltr'>l.</span> 
     </span>
    </p>

    <p class='ocr_par' dir='ltr' id='par_1_22' title="bbox 410 2312 899 2354">
     <span class='ocr_line' id='line_1_42' title="bbox 410 2312 899 2354; baseline 0.004 -12"><span class='ocrx_word' id='word_1_427' title='bbox 410 2315 436 2342; x_wconf 88' lang='lat' dir='ltr'>S.</span> <span class='ocrx_word' id='word_1_428' title='bbox 449 2315 510 2342; x_wconf 87' lang='lat' dir='ltr'>LE.</span> <span class='ocrx_word' id='word_1_429' title='bbox 531 2312 723 2354; x_wconf 84' lang='lat' dir='ltr'>Adilheydis</span> <span class='ocrx_word' id='word_1_430' title='bbox 746 2323 808 2344; x_wconf 83' lang='lat' dir='ltr'>sor.</span> <span class='ocrx_word' id='word_1_431' title='bbox 825 2323 855 2344; x_wconf 93' lang='lat' dir='ltr'>n.</span> <span class='ocrx_word' id='word_1_432' title='bbox 873 2323 899 2345; x_wconf 88' lang='lat' dir='ltr'>c.</span> 
     </span>
    </p>

    <p class='ocr_par' dir='ltr' id='par_1_23' title="bbox 152 2365 1804 2452">
     <span class='ocr_line' id='line_1_43' title="bbox 152 2365 1804 2410; baseline -0.001 -12"><span class='ocrx_word' id='word_1_433' title='bbox 152 2371 195 2399; x_wconf 88' lang='lat'>29.</span> <span class='ocrx_word' id='word_1_434' title='bbox 263 2370 311 2398; x_wconf 92' lang='lat' dir='ltr'>IV.</span> <span class='ocrx_word' id='word_1_435' title='bbox 324 2371 381 2398; x_wconf 80' lang='lat' dir='ltr'>kal.</span> <span class='ocrx_word' id='word_1_436' title='bbox 409 2371 513 2399; x_wconf 90' lang='lat' dir='ltr'>M.LI.</span> <span class='ocrx_word' id='word_1_437' title='bbox 533 2367 728 2400; x_wconf 82' lang='lat' dir='ltr'>Benedictus</span> <span class='ocrx_word' id='word_1_438' title='bbox 756 2368 830 2401; x_wconf 82' lang='lat' dir='ltr'>abb.</span> <span class='ocrx_word' id='word_1_439' title='bbox 852 2368 893 2400; x_wconf 87' lang='lat' dir='ltr'>de</span> <span class='ocrx_word' id='word_1_440' title='bbox 917 2367 1254 2410; x_wconf 77' lang='lat' dir='ltr'>Kremsmuester.⁸)⁶)</span> <span class='ocrx_word' id='word_1_441' title='bbox 1305 2366 1357 2399; x_wconf 82' lang='lat' dir='ltr'>Fr.</span> <span class='ocrx_word' id='word_1_442' title='bbox 1375 2366 1623 2408; x_wconf 81' lang='lat' dir='ltr'>Wolffganngus</span> <span class='ocrx_word' id='word_1_443' title='bbox 1651 2365 1741 2408; x_wconf 83' lang='lat' dir='ltr'>dyac.</span> <span class='ocrx_word' id='word_1_444' title='bbox 1764 2365 1804 2398; x_wconf 86' lang='lat' dir='ltr'>de</span> 
     </span>
     <span class='ocr_line' id='line_1_44' title="bbox 462 2418 677 2452; baseline 0.005 -1"><span class='ocrx_word' id='word_1_445' title='bbox 462 2418 499 2451; x_wconf 76' lang='lat'>8⁰</span> <span class='ocrx_word' id='word_1_446' title='bbox 514 2419 677 2452; x_wconf 80' lang='lat' dir='ltr'>Floriano.</span> 
     </span>
    </p>

    <p class='ocr_par' dir='ltr' id='par_1_24' title="bbox 152 2474 1146 2517">
     <span class='ocr_line' id='line_1_45' title="bbox 152 2474 1146 2517; baseline 0.002 -13"><span class='ocrx_word' id='word_1_447' title='bbox 152 2476 195 2505; x_wconf 85' lang='lat'>30.</span> <span class='ocrx_word' id='word_1_448' title='bbox 265 2477 383 2505; x_wconf 75' lang='lat' dir='ltr'>111.kal.</span> <span class='ocrx_word' id='word_1_449' title='bbox 410 2478 512 2506; x_wconf 72' lang='lat' dir='ltr'>MLI.</span> <span class='ocrx_word' id='word_1_450' title='bbox 532 2475 743 2517; x_wconf 81' lang='lat' dir='ltr'>Rernboldus,</span> <span class='ocrx_word' id='word_1_451' title='bbox 766 2475 973 2516; x_wconf 82' lang='lat' dir='ltr'>Pertholdus,</span> <span class='ocrx_word' id='word_1_452' title='bbox 997 2474 1050 2506; x_wconf 75' lang='lat' dir='ltr'>fr⁰⁸</span> <span class='ocrx_word' id='word_1_453' title='bbox 1073 2486 1102 2507; x_wconf 93' lang='lat' dir='ltr'>n.</span> <span class='ocrx_word' id='word_1_454' title='bbox 1120 2485 1146 2507; x_wconf 84' lang='lat' dir='ltr'>o.</span> 
     </span>
    </p>

    <p class='ocr_par' dir='ltr' id='par_1_25' title="bbox 154 2574 1805 2671">
     <span class='ocr_line' id='line_1_46' title="bbox 257 2574 1805 2629; baseline 0 -9"><span class='ocrx_word' id='word_1_455' title='bbox 257 2593 282 2627; x_wconf 80' lang='lat'>¹)</span> <span class='ocrx_word' id='word_1_456' title='bbox 303 2593 416 2627; x_wconf 54' lang='lat' dir='ltr'>Gor-riga</span> <span class='ocrx_word' id='word_1_457' title='bbox 441 2595 555 2621; x_wconf 83' lang='lat' dir='ltr'>Mansee.</span> <span class='ocrx_word' id='word_1_458' title='bbox 660 2594 686 2628; x_wconf 76' lang='lat' dir='ltr'>b)</span> <span class='ocrx_word' id='word_1_459' title='bbox 705 2595 818 2629; x_wconf 76' lang='lat' dir='ltr'>C&#39;orriy.:</span> <span class='ocrx_word' id='word_1_460' title='bbox 843 2596 1017 2628; x_wconf 76' lang='lat' dir='ltr'>Zelkingerin.</span> <span class='ocrx_word' id='word_1_461' title='bbox 1123 2594 1145 2626; x_wconf 80' lang='lat'>⁰)</span> <span class='ocrx_word' id='word_1_462' title='bbox 1167 2594 1280 2627; x_wconf 57' lang='lat' dir='ltr'>C&#39;orriqa</span> <span class='ocrx_word' id='word_1_463' title='bbox 1304 2595 1439 2627; x_wconf 80' lang='lat' dir='ltr'>Georgius.</span> <span class='ocrx_word' id='word_1_464' title='bbox 1475 2574 1485 2584; x_wconf 37' lang='grc' dir='ltr'><em>ι</em></span> <span class='ocrx_word' id='word_1_465' title='bbox 1547 2592 1572 2625; x_wconf 68' lang='lat' dir='ltr'>d)</span> <span class='ocrx_word' id='word_1_466' title='bbox 1592 2593 1705 2626; x_wconf 51' lang='grc' dir='ltr'>(ἔον-νίφα</span> <span class='ocrx_word' id='word_1_467' title='bbox 1728 2594 1805 2620; x_wconf 78' lang='lat' dir='ltr'>Hart-</span> 
     </span>
     <span class='ocr_line' id='line_1_47' title="bbox 154 2636 1805 2671; baseline 0 -9"><span class='ocrx_word' id='word_1_468' title='bbox 154 2637 243 2663; x_wconf 83' lang='lat' dir='ltr'>wieus.</span> <span class='ocrx_word' id='word_1_469' title='bbox 347 2637 371 2669; x_wconf 76' lang='lat'>⁰)</span> <span class='ocrx_word' id='word_1_470' title='bbox 392 2637 503 2671; x_wconf 67' lang='lat' dir='ltr'>Com-⁸¹9..-</span> <span class='ocrx_word' id='word_1_471' title='bbox 527 2638 687 2665; x_wconf 78' lang='lat' dir='ltr'>Eberwinus.</span> <span class='ocrx_word' id='word_1_472' title='bbox 791 2637 811 2671; x_wconf 69' lang='lat' dir='ltr'>f)</span> <span class='ocrx_word' id='word_1_473' title='bbox 830 2638 892 2664; x_wconf 77' lang='lat' dir='ltr'>Sine</span> <span class='ocrx_word' id='word_1_474' title='bbox 915 2638 991 2663; x_wconf 81' lang='lat' dir='ltr'>dubio</span> <span class='ocrx_word' id='word_1_475' title='bbox 1013 2637 1158 2671; x_wconf 64' lang='lat' dir='ltr'>legendum:</span> <span class='ocrx_word' id='word_1_476' title='bbox 1182 2638 1337 2670; x_wconf 78' lang='lat' dir='ltr'>Newburga.</span> <span class='ocrx_word' id='word_1_477' title='bbox 1442 2636 1467 2668; x_wconf 75' lang='grc' dir='ltr'>Β)</span> <span class='ocrx_word' id='word_1_478' title='bbox 1487 2636 1586 2662; x_wconf 78' lang='lat' dir='ltr'>Nomen</span> <span class='ocrx_word' id='word_1_479' title='bbox 1603 2636 1805 2664; x_wconf 72' lang='lat' dir='ltr'>emendandum.-</span> 
     </span>
    </p>

    <p class='ocr_par' dir='ltr' id='par_1_26' title="bbox 153 2680 383 2706">
     <span class='ocr_line' id='line_1_48' title="bbox 153 2680 383 2706; baseline 0.009 -2"><span class='ocrx_word' id='word_1_480' title='bbox 153 2680 383 2706; x_wconf 78' lang='lat' dir='ltr'>Kremsmuenster.</span> 
     </span>
    </p>
   </div>
   <div class='ocr_carea' id='block_1_4' title="bbox 156 2753 1802 2833">
    <p class='ocr_par' dir='ltr' id='par_1_27' title="bbox 156 2753 1802 2833">
     <span class='ocr_line' id='line_1_49' title="bbox 260 2753 1802 2790; baseline 0.001 -8"><span class='ocrx_word' id='word_1_481' title='bbox 260 2756 280 2789; x_wconf 81' lang='lat'>²)</span> <span class='ocrx_word' id='word_1_482' title='bbox 298 2758 470 2784; x_wconf 81' lang='lat'>1202—1231.</span> <span class='ocrx_word' id='word_1_483' title='bbox 547 2759 569 2790; x_wconf 82' lang='lat'>¹)</span> <span class='ocrx_word' id='word_1_484' title='bbox 591 2757 654 2784; x_wconf 75' lang='lat' dir='ltr'>Uter</span> <span class='ocrx_word' id='word_1_485' title='bbox 665 2757 707 2790; x_wconf 79' lang='lat' dir='ltr'>sit,</span> <span class='ocrx_word' id='word_1_486' title='bbox 725 2756 836 2783; x_wconf 74' lang='lat' dir='ltr'>dubium</span> <span class='ocrx_word' id='word_1_487' title='bbox 848 2755 950 2783; x_wconf 73' lang='lat' dir='ltr'>videtur</span> <span class='ocrx_word' id='word_1_488' title='bbox 961 2763 1021 2782; x_wconf 74' lang='lat' dir='ltr'>esse.</span> <span class='ocrx_word' id='word_1_489' title='bbox 1102 2756 1122 2788; x_wconf 76' lang='lat'>⁸)</span> <span class='ocrx_word' id='word_1_490' title='bbox 1143 2755 1188 2782; x_wconf 87' lang='lat' dir='ltr'>Ob.</span> <span class='ocrx_word' id='word_1_491' title='bbox 1197 2763 1223 2782; x_wconf 88' lang='lat' dir='ltr'>a.</span> <span class='ocrx_word' id='word_1_492' title='bbox 1234 2758 1307 2782; x_wconf 84' lang='grc'><strong><em>1469.</em></strong></span> <span class='ocrx_word' id='word_1_493' title='bbox 1386 2755 1406 2789; x_wconf 78' lang='lat'>⁴)</span> <span class='ocrx_word' id='word_1_494' title='bbox 1427 2753 1566 2788; x_wconf 73' lang='lat' dir='ltr'>Rudolfus</span> <span class='ocrx_word' id='word_1_495' title='bbox 1578 2754 1631 2782; x_wconf 84' lang='lat' dir='ltr'>IV.</span> <span class='ocrx_word' id='word_1_496' title='bbox 1643 2755 1682 2782; x_wconf 90' lang='lat' dir='ltr'>ob.</span> <span class='ocrx_word' id='word_1_497' title='bbox 1695 2763 1720 2782; x_wconf 89' lang='lat' dir='ltr'>a.</span> <span class='ocrx_word' id='word_1_498' title='bbox 1731 2757 1802 2783; x_wconf 86' lang='lat'>1365.</span> 
     </span>
     <span class='ocr_line' id='line_1_50' title="bbox 156 2797 1210 2833; baseline 0.002 -9"><span class='ocrx_word' id='word_1_499' title='bbox 156 2799 177 2831; x_wconf 83' lang='lat'>⁸)</span> <span class='ocrx_word' id='word_1_500' title='bbox 195 2797 359 2825; x_wconf 72' lang='lat' dir='ltr'>Benholdus</span> <span class='ocrx_word' id='word_1_501' title='bbox 371 2798 405 2832; x_wconf 89' lang='lat'>1.,</span> <span class='ocrx_word' id='word_1_502' title='bbox 425 2799 463 2827; x_wconf 85' lang='lat' dir='ltr'>ob.</span> <span class='ocrx_word' id='word_1_503' title='bbox 475 2808 501 2827; x_wconf 85' lang='grc' dir='ltr'>α.</span> <span class='ocrx_word' id='word_1_504' title='bbox 515 2803 584 2828; x_wconf 76' lang='grc'><em>1142.</em></span> <span class='ocrx_word' id='word_1_505' title='bbox 691 2801 711 2833; x_wconf 83' lang='lat'>⁸)</span> <span class='ocrx_word' id='word_1_506' title='bbox 732 2799 892 2827; x_wconf 75' lang='lat' dir='ltr'>Benedictus</span> <span class='ocrx_word' id='word_1_507' title='bbox 910 2799 1011 2826; x_wconf 79' lang='lat' dir='ltr'>Braun</span> <span class='ocrx_word' id='word_1_508' title='bbox 1031 2801 1210 2826; x_wconf 74' lang='lat'>1484-1488.</span> 
     </span>
    </p>
   </div>
  </div>
 </body>
</html>
