2150 3178
587 186 758 214 ANNALES
777 185 1023 213 NEOROLOGICI
1043 184 1328 212 AGGSBACENSES.
1724 185 1786 217 335

229 406 264 442 2.
300 395 614 443 ANNALES
647 393 1103 442 NECROLOGICI
1134 393 1692 444 AGGSBACENSES.

235 505 268 533 A.
281 513 347 533 vero
365 505 430 532 1381
450 504 495 532 (118
513 505 538 531 4.
551 503 589 531 id.
602 502 732 530 Octobris
746 502 790 530 ob.
803 502 829 530 d.
841 501 1040 537 Heydenricus,
1060 501 1227 537 principalis
1245 502 1384 535 fundator,
1405 504 1433 530 et
1451 506 1494 531 est
1511 504 1639 539 sepultus
1657 505 1686 532 in
1706 506 1789 535 choro

136 548 259 576 eiusdem
278 548 412 576 eeclesiae
430 549 495 575 ante
513 555 649 574 summum
669 546 759 573 altare
777 545 807 572 in
826 547 934 580 crypta.

126 582 129 584 ¹
235 590 341 619 Deinde
359 599 384 618 a.
398 590 424 618 d.
437 591 505 618 1386
523 590 548 617 8.
561 589 614 617 cal.
629 589 752 616 Ianuarii
771 589 815 616 ob.
827 589 860 616 ‹1-
877 589 960 616 Anna
978 597 1024 616 ux.
1037 587 1104 621 eius,
1124 588 1210 615 etiam
1228 588 1341 623 sepulta
1359 588 1388 615 in
1407 589 1498 616 choro.

104 640 116 659 5
238 634 271 661 A.
284 643 349 661 vero
367 634 393 661 (1.
407 634 474 661 1383
494 634 534 660 17.
549 633 601 660 cal.
615 632 787 667 Septembris
805 632 849 659 ob.
863 633 888 659 d.
902 632 1062 664 Leutoldus,
1081 631 1174 659 senior
1191 632 1238 664 fil„
1256 631 1417 666 ibidemque
1436 632 1465 659 in
1485 635 1584 668 crypta
1603 635 1737 669 sepultus.

238 676 307 704 Post
325 677 399 703 hunc
417 685 442 704 a.
455 676 481 703 d.
496 677 562 704 1389
581 676 622 703 12.
636 676 687 703 cal.
700 675 867 703 Novembris
886 675 930 702 ob.
943 675 969 702 d.
982 674 1125 710 Georgius,
1144 674 1245 702 tertius
1263 675 1309 708 fil„
1331 683 1365 702 ac
1383 675 1510 710 sepultus
1529 676 1558 703 in
1571 677 1668 704 eadem
1682 681 1790 713 crypta.

238 719 275 746 Et
292 728 317 748 a.
331 720 357 747 d.
372 719 439 747 1397
457 720 498 746 12.
513 719 565 746 cal.
578 718 699 754 Augusti
718 719 761 746 ob.
775 718 804 745 in
822 718 892 746 mari
911 717 1115 752 peregrinando
1132 718 1168 745 ad
1181 717 1236 744 Sam
1246 718 1429 746 Catharinam
1442 720 1547 747 montis
1558 720 1636 748 Sinai
1655 722 1791 749 secundus

136 763 174 790 fil.
187 763 214 790 d.
228 762 357 796 Ioannes,
383 762 426 789 vir
448 762 530 790 valde
552 764 681 790 strenuus
700 763 728 789 et
746 763 860 796 potens,
885 762 975 789 mouio
994 763 1023 789 et
1041 761 1132 788 ordini
1150 767 1184 788 110
1204 761 1286 789 valde
1305 762 1465 789 inclinatus.
1507 763 1559 790 Hic
1578 763 1660 790 iussit
1678 763 1790 792 institui

136 805 205 833 duos
223 805 315 833 adhuc
328 811 408 838 88801,
427 811 490 838 111011,
510 805 546 832 ad
560 806 727 833 conventum
735 807 763 838 ¹),
783 807 816 832 ut
828 807 920 832 essent
934 806 966 832 15
980 805 1186 836 conventuales,
1206 805 1336 832 testando
1352 806 1382 832 et
1393 805 1561 840 assignando
1573 806 1671 834 literas
1684 816 1790 836 succes-

93 854 118 874 10
136 848 244 876 soribus
263 848 328 876 suis.
364 848 417 876 Hic
435 848 552 883 reliquit
569 850 634 882 post
651 857 681 876 se
699 848 786 875 filium
804 848 917 875 nomine
931 848 1105 881 Leutokium,
1124 847 1172 882 qui
1192 847 1278 875 etiam
1298 848 1327 875 in
1346 848 1416 875 mari
1435 849 1574 876 redeundo
1592 849 1626 876 de
1642 851 1791 885 sepulchro

134 893 162 920 di
184 892 276 920 faetus
298 891 355 919 mil.
369 892 412 919 ob.
426 900 452 919 a.
466 892 544 924 1403,
568 891 593 919 8.
607 891 658 918 cal.
671 891 759 924 lunii,
783 891 943 926 relinquens
961 891 1048 918 filium
1068 891 1178 918 nomine
1197 891 1342 924 Ioannem,
1367 891 1416 926 qui
1434 892 1526 919 adhuc
1544 901 1614 926 puer
1632 893 1675 921 ob.
1694 894 1791 922 eodem

135 944 169 968 a.,
188 937 218 962 et
237 935 276 962 sic
293 935 381 969 stipes
393 934 531 969 praedicti
549 934 576 961 di
588 934 744 962 fundatoris
762 935 790 961 ni
804 934 924 962 cessavit
930 945 936 967 ;
955 943 1020 962 nam
1039 934 1094 961 duo
1113 934 1202 968 ipsius
1219 934 1271 960 filii
1291 934 1424 962 videlicet
1443 935 1549 969 primus
1567 937 1596 963 et
1612 936 1713 964 tertius
1732 937 1791 966 sine

137 977 287 1006 heredibus
304 978 488 1005 decesserunt.
527 977 694 1005 Haereditas
717 979 812 1005 autem
835 978 871 1005 ad
889 978 946 1004 dum
965 977 1097 1005 Ottonem
1116 978 1247 1012 patruum
1267 977 1391 1012 ipsorum
1409 978 1543 1006 devoluta
1562 981 1616 1012 est,
1640 979 1718 1008 cuius
1737 981 1791 1008 duo

136 1021 188 1048 filii
206 1021 392 1056 Wolfgangus
415 1022 444 1048 et
463 1021 638 1048 Bernhardus
656 1021 759 1048 mortui
780 1023 845 1048 sunt
863 1023 930 1048 ante
949 1026 1005 1055 pem
1023 1021 1099 1054 (dum
1117 1020 1201 1047 simul
1220 1029 1314 1048 omnes
1339 1023 1397 1048 tam
1417 1030 1444 1056 p.
1460 1030 1544 1056 quam
1562 1028 1602 1049 mr
1620 1025 1648 1051 et
1667 1023 1791 1059 ipsorum

93 1069 118 1089 15
139 1063 192 1091 filii
215 1063 323 1098 captivi
346 1065 508 1091 tenerentur
534 1072 552 1091 a
573 1063 643 1091 duce
666 1063 797 1091 Austriae
820 1063 852 1090 d⁰
870 1063 987 1091 Alberto
1011 1063 1093 1097 quasi
1116 1072 1167 1098 per
1188 1063 1350 1098 triennium)
1373 1073 1397 1091 a.
1415 1065 1440 1091 d.
1460 1065 1526 1092 1429
1549 1066 1601 1093 cal.
1619 1066 1792 1101 Septembris

137 1106 297 1141 sepultique
314 1108 379 1133 sunt
397 1106 426 1133 in
444 1107 555 1141 capella
573 1111 651 1133 sorum
664 1106 776 1134 Ioannis
794 1106 937 1141 baptistae
956 1108 985 1134 et
997 1106 1111 1134 Ioannis
1123 1107 1322 1141 evangelistae,
1342 1107 1392 1134 ubi
1411 1107 1488 1142 prius
1506 1108 1617 1136 fuerant
1635 1111 1741 1145 sepulti
1758 1112 1791 1139 fr.

138 1149 262 1184 ipsorum
280 1149 439 1184 Stephanus
462 1150 618 1177 infantulus
642 1151 671 1177 et
693 1149 780 1177 etiam
801 1158 858 1176 una
877 1158 929 1176 sor.
943 1149 1154 1177 adolescentula
1171 1150 1341 1184 desponsata
1359 1150 1409 1177 uni
1427 1151 1462 1178 de
1480 1151 1619 1187 Daxperg.
1655 1152 1686 1180 P.
1696 1155 1791 1182 tamen

137 1194 166 1220 et
184 1198 224 1219 mr
236 1194 301 1227 post
312 1194 429 1220 mortem
441 1192 560 1220 filiorum
578 1201 604 1220 a.
615 1193 641 1220 d.
655 1192 722 1220 1430
735 1192 841 1219 dimissi
859 1194 925 1220 sunt
943 1192 1026 1220 liberi
1043 1193 1072 1220 in
1091 1193 1136 1220 die
1150 1193 1376 1220 annunciationis
1390 1194 1416 1221 b.
1426 1194 1532 1222 Mariae
1546 1195 1670 1230 virginis,
1689 1205 1793 1232 magna

138 1237 220 1270 parte
238 1236 371 1263 bonorum
390 1235 460 1270 ipsis
478 1236 584 1263 ablata.
621 1235 674 1266 Qui
693 1235 853 1271 praedictus
871 1235 939 1263 Otto
957 1237 1078 1263 testatus
1097 1238 1140 1263 est
1158 1236 1239 1264 nobis
1257 1236 1369 1263 domum
1388 1246 1466 1264 suam
1484 1237 1514 1264 in
1522 1237 1634 1266 Vienna
1643 1241 1672 1274 ²),
1691 1240 1715 1267 si
1733 1241 1792 1268 sine

95 1284 121 1303 20
140 1278 309 1305 haeredibus
326 1278 488 1306 masculinis
507 1278 632 1306 decedat.
668 1279 761 1306 Etiam
779 1281 901 1306 testatus
920 1280 963 1306 est
980 1279 1061 1306 nobis
1079 1282 1189 1314 (nempe
1208 1279 1346 1307 cartusiae
1365 1280 1534 1314 Axpacensi)
1553 1290 1638 1309 unam
1656 1283 1793 1310 decimam

138 1320 197 1348 vini
219 1321 248 1348 in
266 1322 410 1349 Artsteten
419 1323 452 1355 ⁸),
479 1323 545 1356 post
566 1323 683 1349 mortem
707 1322 780 1348 enim
804 1330 881 1349 suam
906 1323 935 1348 et
957 1322 1014 1349 uxis
1036 1331 1102 1349 suae
1125 1322 1171 1349 <1⁸⁴³
1189 1322 1306 1358 Agnetis
1332 1323 1366 1350 de
1389 1323 1559 1357 Potendorff,
1587 1334 1671 1360 super
1692 1326 1793 1360 quibus

137 1364 315 1391 testamentis
334 1364 411 1392 dedit
428 1364 508 1392 nobis
526 1364 637 1392 litteras
655 1364 746 1391 adhuc
766 1364 862 1392 vivens
880 1373 905 1392 a.
920 1365 947 1392 d.
961 1364 1093 1392 videlicet
1112 1365 1187 1393 1431.

240 1407 273 1434 A.
287 1408 312 1435 d.
327 1407 393 1435 1386
416 1408 459 1435 ob.
476 1408 509 1434 d·
526 1408 608 1435 Anna
630 1407 664 1435 de
682 1408 827 1442 Meyssaw,
852 1408 995 1435 fundatrix
1018 1408 1115 1436 domus
1133 1408 1235 1436 Porta'e
1259 1409 1287 1436 b.
1300 1409 1418 1443 Mariae,
1444 1410 1468 1437 8.
1483 1411 1535 1438 cal.
1548 1411 1680 1440 Ianuarii.
1721 1413 1792 1441 Item

138 1451 163 1478 d.
176 1450 286 1478 Uln'cus
304 1460 340 1478 m.
354 1452 383 1478 et
400 1459 456 1478 sac.
469 1451 496 1478 h.
510 1451 535 1478 d.
720 1454 723 1456 “

96 1499 121 1520 8⁵
242 1494 275 1520 A.
289 1493 315 1520 d.
329 1493 397 1520 1390
414 1493 458 1521 ob.
472 1494 498 1521 d.
512 1493 647 1529 Georgius
660 1494 693 1521 de
706 1494 851 1528 Meyssaw,
870 1494 1001 1522 fundator
1012 1494 1113 1522 Portae
1126 1494 1152 1522 b.
1163 1494 1276 1528 Mariae,
1294 1495 1401 1522 habens
1414 1495 1602 1525 tricenarium.
1639 1497 1794 1527 Defunctus

141 1537 227 1564 etiam
246 1538 289 1564 est
307 1536 332 1563 d.
345 1536 474 1563 Urbanus
492 1545 569 1571 papa
587 1537 633 1565 VI.
647 1539 677 1564 et
695 1537 792 1565 divina
809 1537 988 1572 providentia
1006 1537 1139 1564 successit
1157 1537 1183 1565 ei
1202 1537 1363 1565 Bonifacius
1381 1547 1458 1573 papa
1476 1539 1547 1573 lx.⁴)

240 1580 271 1606 A.
286 1580 312 1606 d.
327 1580 391 1607 1391
411 1579 455 1606 ob.
469 1580 495 1606 d.
509 1580 647 1607 Hem-icus
664 1590 700 1608 m.
711 1582 743 1616 *et
761 1589 816 1608 sac.
830 1581 926 1608 domus
945 1581 1047 1608 Portae
1064 1581 1091 1608 b.
1105 1580 1219 1608 Mariae.

241 1623 274 1650 A.
287 1623 311 1650 d.
326 1623 394 1650 1892
411 1632 467 1651 rev.
481 1632 507 1658 p.
521 1632 547 1650 n.
559 1624 683 1655 Ioannes,
703 1624 779 1658 prior
792 1624 946 1657 Cartusiae,
964 1623 1050 1651 solvit
1061 1623 1188 1652 debitum
1201 1624 1349 1651 universae
1364 1624 1454 1652 carnis
1467 1627 1497 1652 et
1509 1626 1658 1654 subsecuta
1671 1629 1713 1655 est
1725 1628 1796 1656 haec

139 1666 240 1694 electio
257 1666 324 1693 novi
342 1666 398 1693 revi
416 1667 456 1701 pi!
474 1666 503 1693 in
522 1666 603 1694 domo
621 1667 704 1694 Seitz.

95 1715 121 1735 ³0
241 1710 274 1737 A.
288 1710 312 1736 d.
327 1710 394 1737 1393
411 1711 455 1738 ob.
468 1711 501 1738 fr.
514 1711 650 1747 Georgius
669 1720 711 1739 cv.
723 1711 820 1738 domus
840 1711 949 1739 Portae.

241 1753 273 1780 A.
286 1753 312 1780 d.
326 1754 392 1781 1395
411 1753 454 1781 ob.
466 1755 498 1781 fr.
512 1754 677 1782 Laurentius
695 1763 736 1782 cv.
752 1755 853 1782 Portae
872 1755 898 1782 b.
912 1754 1018 1782 Mariae
1038 1754 1163 1790 virginis.

243 1796 276 1823 A.
289 1796 315 1823 d.
330 1797 396 1824 1398
415 1797 458 1824 ob.
471 1797 575 1824 nobilis
593 1798 618 1825 d.
632 1796 748 1824 Ioannes
767 1798 801 1825 de
819 1798 956 1830 Meissaw,
974 1797 1106 1826 fundator
1124 1798 1220 1825 domus
1239 1797 1341 1825 Portae
1360 1798 1386 1825 b.
1400 1797 1514 1825 Mariae.

243 1839 276 1865 A.
291 1839 316 1866 d.
330 1839 397 1866 1399
414 1848 471 1867 rev.
489 1849 516 1875 p.
535 1850 562 1867 n.
578 1840 802 1875 Christophorus,
825 1841 902 1875 prior
921 1840 1035 1868 maioris
1053 1840 1207 1873 Canusino,
1236 1840 1321 1868 solvit
1339 1840 1467 1868 debitum
1485 1841 1632 1869 universae
1651 1843 1741 1870 carnis
1766 1846 1796 1872 et

110 1892 119 1899 ·
145 1882 278 1909 successit
297 1882 323 1909 ei
341 1882 446 1910 electus
465 1883 491 1910 d.
503 1883 669 1918 Stephanus.
706 1883 757 1911 Ob.
771 1884 856 1911 etiam
874 1884 907 1911 fr.
920 1883 1044 1911 Michael
1063 1893 1103 1911 cv.
1120 1884 1216 1911 domus
1235 1883 1336 1911 Portae
1355 1884 1381 1911 b.
1395 1884 1508 1912 Mariae.

98 1931 124 1951 ³5
246 1925 278 1952 A.
291 1925 318 1953 d.
332 1925 397 1953 1401
417 1926 461 1953 ob.
474 1926 500 1953 d.
513 1927 630 1954 Ioannes
649 1926 837 1959 Chuttnensis‚
856 1936 892 1955 m.
905 1929 935 1955 et
953 1927 1020 1954 olim
1039 1927 1115 1962 prior
1133 1927 1230 1954 domus
1249 1927 1441 1959 Freintzensis,
1460 1935 1510 1962 per
1529 1928 1656 1955 chartam
1675 1929 1795 1964 capituli

140 1968 281 2003 generalis
299 1977 324 1996 a.
338 1968 363 1996 d.
376 1969 444 1996 1392
463 1970 584 2003 (quando
603 1972 662 1998 erat
679 1970 789 2005 Axpaoi
808 1971 982 2005 procurator,
1000 1970 1069 1997 illuc
1087 1970 1186 1997 missus
1204 1971 1269 2004 sac.)
1289 1971 1318 1998 et
1336 1971 1361 1997 d.
1376 1971 1492 1998 Ioannes
1505 1970 1625 1998 Polonus
1643 1981 1678 1999 m.
1692 1974 1721 1999 et
1738 1981 1794 2000 sac.

139 2012 167 2039 h.
180 2012 206 2038 d.
220 2012 329 2039 Portae.

245 2055 277 2081 A.
291 2055 316 2081 d.
331 2054 398 2081 1402
411 2055 455 2082 ob.
469 2055 494 2082 d.
507 2055 647 2088 Albertus‚
666 2055 691 2083 d.
705 2056 823 2083 Ioannes
841 2056 875 2083 de
889 2056 992 2083 Libera
1005 2056 1137 2090 Civitate‚
1155 2056 1191 2082 mi
1211 2058 1240 2083 et
1258 2061 1331 2083 saeefl
1350 2056 1447 2083 domus
1460 2056 1569 2091 Portae,
1588 2057 1620 2084 fr.
1632 2057 1793 2086 Waltherus

141 2108 182 2126 cv.
193 2098 221 2125 h.
234 2098 259 2125 d.
273 2098 382 2125 Portae.

99 2148 124 2167 (ο
245 2141 278 2168 Α.
292 2141 318 2168 (1.
333 2141 399 2168 1405
418 2141 550 2168 defuncto
569 2146 619 2167 81110
636 2149 713 2175 papa
731 2141 876 2168 Bonifacio
894 2140 1028 2168 successit
1046 2141 1224 2168 Innocentius
1242 2141 1339 2168 divina
1358 2141 1535 2176 providentia
1553 2151 1630 2177 papa
1643 2143 1727 2178 V11.·)

247 2185 278 2211 A.
293 2184 318 2211 d.
331 2184 399 2211 1407
417 2183 492 2211 viam
510 2183 657 2211 universae
681 2183 772 2211 carnis
795 2183 934 2219 ingressus
959 2185 1002 2211 est
1019 2193 1141 2211 summus
1158 2184 1286 2219 pontifex
1304 2183 1482 2212 Innocentius
1500 2184 1573 2217 VIL,
1599 2185 1644 2212 cui
1662 2187 1796 2214 successit

142 2233 205 2254 81111111
224 2237 253 2262 p.
268 2229 297 2255 et
315 2227 341 2254 d.
355 2227 381 2254 d.
394 2226 542 2261 Gregorius
560 2226 657 2254 divina.
675 2226 854 2261 providentia
872 2235 948 2262 papa
965 2227 1026 2254 XII.
1039 2227 1130 2254 ordini
1148 2232 1182 2253 n0
1201 2226 1428 2260 devotissimus.‘)

247 2271 280 2298 A.
293 2270 359 2297 1411
378 2270 536 2298 Alexander
552 2270 586 2298 V.
603 2278 678 2305 papa
701 2269 840 2297 subtraxit
861 2279 920 2298 sese
943 2272 1023 2297 tanto
1047 2270 1123 2298 oneri
1145 2270 1258 2298 ferendo
1280 2270 1421 2305 ingressus
1440 2270 1515 2298 viam
1534 2271 1723 2304 aeternitatis,
1750 2273 1795 2299 cui

142 2313 277 2341 successit
295 2313 412 2340 Ioannes
430 2312 513 2340 huius
530 2313 651 2340 nominis
669 2313 772 2340 XXIII.
786 2314 894 2348 papa.⁴)

98 2365 123 2385 4⁵
245 2356 277 2383 A.
291 2356 316 2384 d.
329 2356 397 2383 1413
416 2355 483 2389 ob.³)
503 2355 529 2383 d.
541 2356 666 2388 Ioannes,
684 2355 790 2390 primus
809 2355 884 2391 prior
902 2356 998 2383 domus
1017 2356 1117 2384 Portae
1135 2356 1162 2383 b.
1175 2356 1290 2384 Mariae.

247 2399 279 2426 A.
293 2398 318 2426 d.
333 2399 401 2426 1414
419 2398 462 2425 ob.
475 2398 502 2425 d.
515 2398 656 2425 Conradus
674 2408 710 2426 m.
724 2399 754 2426 et
771 2407 826 2426 sac.
840 2399 936 2426 domus
955 2399 1056 2426 Portae
1075 2399 1101 2426 b.
1113 2399 1220 2426 Mariae
1239 2398 1268 2425 in
1286 2399 1409 2426 Austris..

247 2442 280 2469 A.
293 2442 319 2468 d.
334 2441 400 2468 1415
419 2441 463 2468 ob.
477 2441 502 2468 d.
515 2441 636 2468 Thomas
654 2450 691 2468 m.
704 2443 734 2468 et
751 2449 806 2468 sac.
819 2441 916 2468 domus
935 2442 1037 2469 Portae
1055 2441 1209 2469 b.Ma1-iae.

248 2485 280 2512 A.
296 2484 320 2511 d.
335 2484 402 2511 1416
421 2484 465 2512 ob.
478 2484 504 2511 d.
517 2484 634 2512 Ioannes
652 2486 824 2519 procurator,
843 2485 868 2512 d.
881 2485 999 2512 Ioannes
1017 2485 1154 2512 Brexman
1173 2486 1318 2519 praefatae
1336 2485 1432 2511 domus
1451 2485 1552 2512 Portae
1571 2485 1598 2512 b.
1612 2485 1726 2512 Mariae.

252 2597 272 2630 ¹)
290 2596 428 2624 Iohannes
453 2595 485 2623 de
505 2595 633 2623 Maissau
657 2596 790 2633 cartusiae
811 2596 991 2630 Ayysbacensi
1009 2596 1059 2623 IV.
1071 2596 1110 2623 id.
1123 2595 1222 2623 Martii
1244 2604 1270 2623 α,
1287 2599 1353 2623 1389
1373 2599 1425 2623 400
1436 2597 1466 2623 a.
1485 2596 1506 2629 c)-
1531 2596 1652 2630 donavit,
1678 2604 1796 2630 quarum

101 2647 127 2667 50
145 2643 195 2667 100
206 2641 236 2667 412
253 2640 275 2673 ὰ
294 2647 347 2673 pro
368 2639 483 2666 duorum
500 2639 691 2666 monachorum
709 2640 899 2666 sustentatione
917 2639 1067 2666 destinatae
1085 2641 1171 2665 erant.
1277 2640 1298 2672 ²)
1319 2639 1380 2666 Otto
1395 2639 1428 2666 de
1447 2639 1573 2666 Maissau
1591 2640 1631 2667 11.
1643 2647 1707 2666 mm.
1720 2640 1796 2666 Maii

145 2692 169 2709 α.
187 2685 252 2710 1431
276 2682 409 2709 cartusiae
430 2681 612 2716 Ayysbacensi
633 2682 704 2709 hanc
725 2682 832 2709 domum
857 2683 959 2717 legavit.
1068 2684 1089 2715 ⁵)
1109 2681 1192 2708 XVI.
1208 2681 1261 2708 kal.
1278 2682 1395 2716 Auyusti
1418 2690 1443 2709 a.
1460 2685 1534 2709 1431.
1645 2683 1667 2715 ⁴)
1686 2691 1712 2710 α.
1730 2686 1796 2710 1389

149 2725 274 2753 Urbcmus
291 2724 338 2752 VI.
351 2724 398 2757 ob„
415 2724 512 2759 Bonis.
525 2724 581 2752 IX.
594 2733 670 2758 succ„
687 2734 713 2752 α.
726 2729 792 2752 1404
809 2725 908 2759 chif.
920 2726 967 2759 ob.‚
986 2725 1127 2752 Innocent.
1147 2724 1208 2751 VII.
1226 2732 1307 2758 succ„
1325 2733 1351 2752 a.
1364 2728 1431 2752 1406
1447 2725 1544 2752 Inmc.
1556 2725 1604 2759 ob„
1629 2725 1704 2760 Greq.
1720 2724 1792 2752 XII.

144 2776 224 2802 succ„
242 2776 268 2795 α.
281 2771 347 2795 1410
363 2768 440 2794 Alex.
455 2767 486 2795 V.
498 2768 545 2801 ob„
562 2767 620 2795 Ioh.
634 2768 755 2796 XXIII.
767 2776 833 2795 succ.
940 2770 960 2801 ¹⁵)
981 2768 1112 2795 Iohannes
1131 2767 1307 2795 Fleischesser
1320 2768 1400 2801 prior
1411 2768 1600 2803 Aqysbacensis
1620 2771 1794 2802 1380—1386,

146 2819 199 2845 quo
217 2818 291 2838 armo
308 2810 442 2844 depositus
460 2813 525 2845 erat,
542 2811 638 2838 iterum
655 2820 681 2838 α.
693 2814 864 2844 1387-1412,
880 2811 918 2838 ob.
935 2811 981 2838 VI.
995 2811 1046 2838 kal.
1060 2811 1127 2838 Nov.
1142 2814 1214 2838 1412.
