2150 3178
95 2344 121 2363 10

97 2558 120 2577 15

97 2771 123 2791 ²⁰

256 740 379 799 AN
384 740 445 799 N
450 740 611 798 ALE
622 739 662 798 S
699 739 811 797 NE
821 737 1091 797 GROLO
1101 737 1274 796 GICI
1309 737 1672 796 PATRUM

163 833 910 894 PRAEDIGATORUM
945 833 1162 892 VIND
1171 832 1403 891 OBON
1404 831 1523 891 EN
1531 832 1759 891 SIUM.

239 974 295 1020 P
289 990 396 1020 atrum
423 987 686 1019 Praedicatorum
712 998 737 1019 s,
758 986 923 1019 Dominici
951 989 1120 1018 conventus
1147 997 1168 1018 a
1191 986 1344 1026 Leopoldo
1366 986 1421 1018 VI.
1446 986 1600 1017 Austriae
1627 985 1717 1024 duce,
1752 996 1791 1017 ex

135 1039 441 1080 Babenberyensium
468 1039 566 1078 stirpe
592 1038 713 1070 illustri
739 1042 857 1077 exorto,
888 1038 1089 1071 Vindobonae
1111 1048 1141 1070 α.
1159 1038 1243 1069 1226
1261 1037 1396 1079 fundati
1418 1037 1594 1078 necrologia
1615 1038 1792 1069 recensione

135 1101 217 1123 nova
245 1093 370 1128 tantum
400 1092 527 1130 mepta
558 1090 608 1121 his
636 1090 769 1130 reperiri
801 1100 866 1122 non
891 1092 1027 1131 possunt
1057 1090 1258 1129 temporibus,
1291 1100 1390 1130 quare
1421 1090 1593 1121 vetustiora
1624 1089 1792 1129 deperiisse

129 1145 303 1182 putantur.

241 1193 392 1225 Recensio
415 1192 581 1234 necroloyii
603 1195 728 1225 tantum
750 1203 830 1225 nova
852 1203 881 1225 a.
898 1194 983 1225 1681
1004 1194 1089 1225 notis
1110 1193 1290 1233 antiquiore
1312 1203 1351 1225 ex
1374 1192 1474 1225 libello
1489 1193 1681 1233 depromptis
1695 1192 1791 1224 scribi

136 1244 285 1276 inchoata
307 1247 337 1276 et
358 1245 458 1276 variis
477 1244 681 1276 librariorum
698 1244 844 1276 manibus
858 1255 957 1285 usque
972 1245 1016 1276 ad
1029 1255 1060 1276 a.
1074 1245 1158 1275 1901
1174 1245 1308 1276 deducta
1325 1245 1360 1276 in
1375 1247 1543 1276 conventus
1558 1245 1791 1287 cryptoporticu

135 1296 297 1328 recondita
323 1306 361 1328 ac
387 1295 465 1328 libro
485 1295 607 1336 ‘liqneo²
628 1298 772 1328 contenta
793 1306 880 1328 nunc
900 1299 1042 1336 superest
1069 1299 1098 1328 et
1124 1296 1243 1328 tabulis
1268 1296 1380 1337 liyneis
1406 1296 1580 1328 maioribus
1602 1296 1793 1328 membranis

136 1348 277 1379 inductis
292 1350 423 1385 constat,
440 1357 576 1387 quarum
592 1347 719 1379 tabulae
733 1348 826 1380 binae
841 1349 876 1380 in
891 1349 1033 1380 armario
1043 1349 1164 1388 parieti
1180 1349 1296 1380 inserto
1311 1349 1405 1388 siccae,
1425 1349 1564 1389 quinque
1580 1358 1650 1380 vero
1666 1347 1792 1380 tabulae

135 1399 300 1439 utrobique
321 1398 446 1431 mobiles
467 1399 626 1431 immissae
648 1402 732 1431 sunt.
778 1399 828 1431 De
849 1400 963 1440 quibus
985 1399 1084 1432 latius
1105 1400 1243 1432 disserui
1264 1400 1371 1432 Neues
1385 1400 1506 1432 Archiv
1523 1400 1624 1432 XXX
1631 1400 1665 1438 V,
1682 1401 1754 1432 732.

243 1450 323 1483 Cum
351 1453 456 1482 autem
481 1451 619 1483 recensio
647 1451 735 1489 haec,
769 1452 822 1483 cui
848 1452 979 1484 extremi
1006 1452 1122 1483 iudicii
1150 1453 1252 1493 imaqo
1275 1452 1423 1492 praeficta
1450 1454 1508 1490 est,
1541 1454 1632 1483 notas
1653 1452 1729 1483 inde
1751 1452 1790 1483 ab

136 1512 166 1534 a.
183 1502 268 1533 1410
289 1501 498 1543 necroloyicas
520 1502 658 1542 referens
680 1502 847 1535 annalium
869 1503 958 1535 modo
972 1503 1123 1535 instituta
1142 1504 1194 1543 sit,
1217 1504 1387 1536 annalium
1403 1503 1664 1544 necroloyicorum
1680 1513 1791 1535 nomen

135 1554 165 1586 ei
186 1554 331 1593 imposui.
379 1554 471 1594 Quod
492 1564 571 1594 opus
592 1564 662 1586 cum
683 1555 853 1587 recentiore
874 1555 987 1595 confici
1009 1558 1148 1596 coeptum
1169 1557 1212 1588 sit
1234 1558 1379 1596 tempore,
1410 1555 1524 1587 litteris
1547 1555 1790 1595 imprimendum

136 1606 248 1637 curavi
270 1606 413 1637 minutis.
696 1618 698 1620 ·

240 1657 281 1689 P.
298 1657 482 1689 Raimundo
508 1657 628 1696 Glund,
649 1658 845 1697 provinciali
867 1657 1129 1691 Praedicatorum
1152 1661 1320 1691 conventus
1342 1658 1591 1691 Vindobonensis
1611 1658 1791 1696 venerabili,

135 1711 231 1749 atque
253 1708 291 1741 P.
308 1708 486 1741 Romualdo
507 1708 611 1748 Hem,
639 1708 838 1742 bibliothecae
860 1711 983 1742 custodi
1006 1710 1199 1749 benemerito,
1229 1711 1286 1751 qui
1308 1710 1368 1742 hac
1390 1711 1569 1742 recensione
1591 1709 1792 1743 Vindobonae

136 1760 248 1792 utendi
270 1760 428 1793 licentiam
450 1761 533 1795 mihi,
552 1764 776 1800 concesserunt,
797 1763 922 1803 qratias
944 1773 1001 1803 ayo
1024 1762 1153 1795 debitas.

819 1907 1111 1940 Oalendarium

138 1965 184 2000 pie
209 1965 238 1992 in
260 1965 292 1992 d⁰
311 1965 503 1993 defunctorum
521 1971 579 2000 pum
598 1967 627 1994 et
643 1967 707 1993 frum
725 1967 754 1994 in
772 1969 802 1995 et
820 1976 853 1995 ex
870 1968 924 1995 hoo
943 1969 1082 1995 conventu
1094 1967 1246 1996 Viennensi
1265 1970 1324 1995 tam
1342 1967 1463 1995 filiorum
1482 1975 1567 2001 quam
1585 1965 1792 2002 assignatorum

755 2019 844 2045 usque
861 2011 891 2038 in
908 2019 1040 2046 praesens
1058 2012 1176 2046 tempus.

386 2059 491 2087 Horum
509 2069 581 2087 mors
599 2061 685 2088 beata
703 2060 822 2094 videtur,
841 2071 959 2096 quorum
977 2062 1038 2090 vita
1055 2061 1208 2089 laudabilis
1226 2062 1289 2090 fuit.
1325 2061 1351 2089 S.
1365 2061 1548 2096 Augustinus.

137 2121 213 2148 1410.
249 2120 273 2147 2.
290 2119 363 2147 Iunii
380 2128 437 2147 rev.
450 2129 477 2155 p.
491 2120 656 2148 Laurentius
668 2121 732 2149 Leo.
768 2121 811 2149 Fr.
826 2122 906 2157 Hugo
925 2121 1083 2149 cardinalis.
1120 2123 1161 2149 19.
1175 2122 1272 2149 Martii
1290 2122 1322 2149 fr.
1336 2122 1524 2157 Engelbertus
1539 2130 1596 2149 acc.
1634 2123 1657 2149 7.
1671 2122 1792 2158 Augusti

293 2163 325 2190 fr.
339 2162 478 2190 Martinus
496 2163 621 2191 subdiac.

138 2206 213 2233 1412.
249 2206 290 2232 18.
304 2205 427 2232 Ianuarii
450 2214 506 2234 rev.
525 2215 551 2240 p.
570 2205 752 2234 Christianus.
788 2207 813 2234 6.
827 2207 970 2234 Februarii
995 2216 1052 2235 rev.
1069 2216 1097 2242 p.
1114 2207 1197 2235 Iacob
1221 2207 1255 2235 de
1274 2208 1390 2243 Aspern.
1428 2209 1467 2235 10.
1481 2208 1578 2235 Martii
1602 2216 1658 2236 rev.
1678 2218 1705 2244 p.
1724 2208 1792 2236 Otto

291 2249 421 2284 subprior
439 2249 495 2276 hic.

137 2292 213 2320 1413.
250 2293 291 2319 17.
305 2292 451 2320 Februarii
468 2293 501 2320 fr.
514 2292 671 2319 Friderieus
689 2292 792 2319 Succus
811 2301 852 2320 cv.
890 2293 930 2320 12.
944 2292 1002 2319 Mai
1020 2301 1077 2320 rev.
1090 2302 1117 2328 p.
1130 2293 1280 2320 Gerochus.
1318 2294 1358 2321 17.
1372 2294 1446 2320 Iunii
1464 2302 1521 2320 rev.
1535 2302 1562 2328 p.
1575 2293 1674 2320 Petrus
1693 2287 1792 2321 Moser.

293 2336 315 2362 1.
324 2335 495 2370 Septembris
507 2344 562 2363 rev.
572 2345 600 2370 p.
610 2335 775 2370 Leopoldus.
799 2335 867 2363 Rev.
875 2345 903 2370 p.
912 2335 1033 2363 Michael
1044 2336 1213 2371 Sterngrein.
1238 2336 1280 2363 30.
1290 2336 1458 2364 Novembris
1470 2336 1502 2363 fr.
1512 2336 1613 2364 Petrus
1626 2337 1738 2364 Neuber
1751 2345 1793 2364 cv.

139 2378 215 2405 1414.
250 2378 292 2405 16.
305 2378 428 2406 Ianuarii
446 2386 502 2406 rev.
519 2387 547 2412 p.
564 2378 740 2406 Starhardus.
778 2380 800 2406 1.
815 2378 960 2407 Februarii
977 2388 1035 2407 rev.
1051 2388 1078 2414 p.
1097 2377 1291 2407 Colom'annus.
1330 2381 1371 2407 15.
1385 2380 1483 2407 Martii
1501 2388 1557 2407 rev.
1575 2389 1602 2414 p.
1618 2379 1793 2415 Peregrinus.

292 2421 318 2448 3.
330 2421 388 2448 Mai
405 2421 437 2448 fr.
450 2421 607 2448 Rudivinus
625 2430 667 2449 cv.
704 2422 744 2449 15.
757 2421 823 2449 Iulii
841 2422 872 2449 fr.
886 2422 1028 2450 Erhardus
1047 2422 1171 2450 subdiac.

139 2464 214 2491 1415.
252 2463 291 2491 18.
304 2463 400 2491 Martii
412 2472 467 2491 rev.
480 2474 508 2499 p.
522 2464 589 2492 Otto
608 2466 638 2492 et
656 2465 687 2492 ft.
698 2465 838 2492 Conradus
856 2474 919 2493 nov.
953 2466 995 2493 22.
1007 2466 1104 2494 Martii
1121 2466 1152 2492 fr.
1168 2466 1301 2494 Hem-icus
1320 2475 1361 2494 cv.
1396 2466 1437 2493 27.
1452 2466 1547 2493 Martii
1566 2466 1623 2499 tevi
1635 2471 1692 2500 pm
1704 2466 1792 2493 Wolf-

292 2515 402 2542 gangus
418 2508 447 2534 et
466 2507 542 2535 Otto.
578 2508 620 2535 21.
633 2507 740 2543 Aprilis
758 2509 791 2535 fr.
806 2508 939 2536 Nicolaus
958 2509 1090 2537 Klallner.
1130 2509 1170 2536 19.
1183 2509 1344 2537 Decembris
1362 2509 1394 2536 fr.
1408 2509 1532 2536 Andreas
1551 2509 1585 2536 de
1603 2509 1718 2536 Grudin.

139 2550 215 2577 1416.
249 2550 291 2577 24.
306 2550 362 2577 Mai
380 2549 411 2576 fr.
425 2550 573 2578 Wernerus
592 2553 621 2578 et
639 2551 680 2578 21.
694 2550 758 2578 Iulii
776 2551 809 2578 fr.
822 2551 960 2584 Ionianus,
980 2553 1031 2579 cvi.

141 2593 215 2620 1418.
251 2593 292 2620 15.
306 2593 450 2620 Februarii
470 2593 503 2621 fr.
519 2594 636 2621 Ioannes
659 2594 731 2622 Saxo
754 2594 825 2622 diae.
866 2595 907 2622 16.
920 2595 1016 2622 Martii
1037 2604 1095 2623 rev.
1113 2604 1140 2630 p.
1158 2595 1301 2630 Georgius
1342 2595 1383 2622 11.
1397 2595 1519 2630 Augusti
1541 2595 1573 2622 fr.
1593 2594 1735 2622 Conradus
1758 2595 1792 2623 de

294 2635 435 2663 Winehel.

141 2678 216 2706 1419.
251 2679 276 2706 2.
290 2678 386 2706 Martii
402 2687 458 2706 rev.
471 2689 498 2714 p.
511 2680 705 2715 Wolfgangus.
741 2681 765 2708 8.
778 2681 836 2707 Mai
854 2689 910 2708 rev.
923 2690 952 2715 p.
964 2681 1161 2708 Theodericus.
1196 2680 1239 2707 22.
1252 2680 1310 2707 Mai
1328 2689 1384 2708 rev.
1398 2689 1426 2715 p.
1439 2680 1597 2708 Friderieus
1615 2681 1701 2715 Ipoltl
1715 2681 1791 2716 Hyp-

294 2721 444 2755 politanus.
482 2722 505 2749 1.
519 2723 691 2757 Septembris
708 2731 763 2751 rev.
777 2733 805 2758 p.
818 2724 966 2751 Volmarus
978 2723 1152 2758 Weingrien.

142 2763 217 2792 1420.
253 2765 295 2791 19.
308 2764 431 2792 Ianuarii
448 2774 504 2793 rev.
517 2775 544 2800 p.
558 2766 731 2801 Rudolphus,
750 2767 878 2802 subprior
895 2767 950 2795 hic.
987 2767 1028 2795 10.
1040 2766 1186 2794 Februarii
1205 2767 1237 2794 fr.
1251 2766 1408 2794 Fridericus
1427 2767 1461 2794 de
1474 2766 1570 2802 Ragiz.
1606 2766 1647 2794 27.
1661 2766 1719 2794 Mai
1735 2775 1792 2794 rev.

297 2816 324 2842 p.
338 2807 479 2835 Conradus
498 2809 654 2837 Teutoniae
671 2810 768 2844 prolis.
803 2810 845 2837 29.
859 2809 988 2838 Octobris
1005 2818 1062 2838 rev.
1075 2819 1102 2844 p.
1117 2809 1250 2838 Ortlibus.

246 2858 271 2885 N
273 2867 330 2886 mn.
343 2859 449 2886 PArAv.
1551 2862 1585 2888 38
