2150 3178
307 188 349 220 38
547 184 549 187 “
634 182 879 212 ΜΟΝΠΜΕΝΤΑ
897 181 1155 210 NECBOLOGICA
1173 180 1313 209 CLAUS'I'
1317 179 1663 208 RONEOBURGENSIA.

570 271 686 304 FAM.
710 270 770 313 (A)
793 270 996 313 Gerungus
1018 270 1040 302 l.
1086 268 1264 301 Errtmsn
1286 267 1308 300 l.
1332 267 1379 300 de
1403 266 1588 311 stuppas)

312 335 361 363 12.
463 333 499 361 11.
511 333 549 361 id.
572 327 672 361 FRS.
706 327 764 369 (A)
795 327 925 359 Otilia
955 331 1026 368 ov·‚
1057 336 1128 358 sor.
1153 335 1184 356 n.
1223 322 1280 367 (C)
1313 322 1409 367 [Item
1440 322 1472 356 d.
1495 322 1650 356 Nioolaus
1681 322 1722 356 de
1745 323 1981 356 Walthawsen.

624 378 847 412 Helmhardus
869 389 939 411 ean.
963 379 998 410 in
1021 377 1247 414 Waltheusen,
1271 375 1328 408 cfr.
1345 373 1390 418 n.]
1434 379 1476 407 Ex
1498 374 1591 408 mon¹⁰
1613 379 1641 408 S.
1657 379 1770 408 crucis:
1800 379 1983 408 Bernhardns

623 430 698 464 abb„
715 439 790 465 mag.
799 429 937 466 Georgius
947 429 1039 461 nuth,
1052 428 1221 461 Radbertus,
1236 427 1360 460 Iodocus,
1376 426 1502 454 Andreas
1513 426 1651 466 subprior.
1663 426 1799 459 Damus,
1814 425 1981 459 Leonardus,

626 474 829 510 Vuolfgnngus.
848 474 966 501 lomnes
983 473 1073 507 Spion,
1092 472 1209 499 loannes
1227 472 1329 502 cunnos,
1349 469 1544 502 Bemudinus.
1569 478 1665 498 omnes
1682 475 1764 503 neu,
1788 469 1983 506 Sigismundus

625 525 737 552 quoque
755 519 786 545 et
805 517 949 545 Nicolaum.
971 515 1058 547 dirsek
1080 515 1266 550 Volsgsngm,
1294 513 1470 546 Benedictus,
1490 513 1658 546 Leonardu..
1677 511 1823 548 Georgius,
1845 511 1919 545 oleru
1939 511 1981 539 Io-

627 569 714 589 annes
733 569 796 589 nov.
815 562 845 588 et
863 559 904 587 bii
923 568 1019 588 omnes
1037 559 1135 594 elapso
1153 557 1267 592 quidem
1285 565 1310 584 s.
1324 556 1445 593 virginei
1464 559 1564 592 partus
1583 556 1658 584 1520.

574 603 688 636 FAM.
713 603 772 647 (A)
796 602 1035 646 Gumpoldus
1058 612 1110 635 ov.
1156 601 1280 634 Lieba
1302 601 1343 634 1⁸.
1388 599 1567 634 Alheidis
1589 600 1629 633 1¹.

316 665 364 694 13.
515 664 553 693 id.
576 659 673 693 FRS.
705 659 765 703 (A)
792 658 1020 693 chunradus
1046 658 1126 701 pbr.
1149 662 1187 691 et
1210 668 1305 700 oan.‚
1336 657 1379 690 fr.
1396 669 1427 690 n.
1473 656 1567 690 Otto
1591 656 1672 700 pbr.
1697 659 1735 689 et
1757 667 1851 695 ean..
1881 656 1924 689 fr.
1941 667 1984 699 n.,

627 712 727 756 pleb.
746 712 778 745 S.
795 713 959 745 Martini.
1012 710 1227 755 [Mehtildis
1256 720 1326 743 sor.
1347 709 1392 754 n.]
1427 709 1484 752 (O)
1518 708 1570 753 [D.
1587 709 1742 742 Erasmus
1765 707 1887 742 Tolder
1914 718 1984 741 osu.

626 764 670 798 ad
697 764 728 797 S.
750 765 947 797 Florianum.
1000 763 1054 796 Fr.
1076 763 1219 796 Miohsel
1248 761 1332 795 diac.
1354 762 1438 805 prof.
1458 761 1552 795 mon¹¹
1579 760 1612 794 S.
1633 761 1763 797 Crucis.
1809 760 1862 793 Fr.
1883 759 1986 804 Sigis-

627 816 766 849 mundus
789 816 858 859 pbr.
880 819 915 849 et
936 815 1018 858 prof.
1038 816 1070 848 in
1093 813 1403 858 Krembsmunstenj
1449 819 1495 847 Fr.
1511 819 1654 847 Martinus
1677 827 1720 848 cv.
1740 818 1771 846 in
1794 813 1886 846 mon¹⁰
1908 817 1987 846 Oelle

627 866 725 896 Mario.
752 867 892 895 Osbuldus
906 867 976 902 prof.
987 866 1068 894 rnonu
1082 866 1365 902 Heromgburgensis.
1394 865 1436 893 Fr.
1450 866 1617 902 Lempertus
1629 866 1691 901 pbr.
1703 865 1775 901 prof.
1788 864 1818 892 in
1830 864 1989 900 Altenburg

627 911 726 944 (15)21.
765 910 795 937 D.
809 910 992 938 Sebastianus
1011 909 1200 938 Sibenrichtel
1218 909 1310 937 senior
1328 909 1475 943 ibidemb),
1495 909 1570 944 pleb.
1589 909 1618 936 iu
1636 909 1663 937 S.
1677 909 1751 936 Loco
1769 909 1813 936 ob.
1828 907 1904 936 1526.

576 954 690 987 FAM.
722 954 782 998 (A)
812 954 1033 987 Dietmarus
1066 964 1118 987 ov.
1143 953 1184 986 fr.
1210 964 1241 986 n.
1295 952 1404 997 [Mag.
1423 953 1642 987 waltherus
1669 953 1857 997 phisicus,
1890 952 1933 985 fr.
1955 962 1987 985 ιι.

628 1006 766 1049 Symon
789 1006 811 1038 1.
862 1005 1060 1049 Nycolaus
1083 1005 1290 1039 Reohwein
1320 1016 1400 1038 oum
1428 1010 1512 1048 ux.⁸‚
1544 1005 1653 1038 dedit
1679 1004 1856 1038 redditus
1882 1007 1896 1037 1
1922 1003 1988 1037 tal.

629 1058 887 1091 Perohtoldus
917 1058 1049 1099 Toler,
1079 1057 1187 1091 dedit
1213 1057 1362 1090 vineam
1390 1057 1577 1090 Fuohsek.
1634 1057 1847 1090 Katherina
1876 1055 1990 1089 diota

631 1111 826 1143 Tueczinn
848 1110 870 1142 l.
887 1109 959 1154 ob.]

322 1173 370 1200 14.
386 1172 557 1200 XV111.kal.
579 1167 678 1200 FRS.
703 1167 761 1210 (A)
784 1166 1050 1199 meinhardus
1071 1165 1156 1208 pbr.
1180 1170 1219 1199 et
1241 1177 1332 1208 oen„
1361 1166 1406 1199 fr.
1423 1177 1452 1199 n.
1498 1166 1683 1200 Albertus
1705 1176 1770 1208 ov„
1800 1165 1842 1198 fr.
1860 1177 1891 1198 ιι.
1932 1163 1990 1208 (O)

634 1219 820 1263 [Udalrious
846 1219 917 1262 pbr.
942 1222 976 1252 et
1002 1228 1072 1251 osu.
1096 1218 1139 1251 ad
1153 1217 1195 1256 IS.
1212 1218 1378 1251 Andream
1402 1228 1500 1262 super
1522 1217 1659 1251 Traism.
1710 1217 1752 1250 D.
1767 1216 1992 1250 Helmhnrdu·

633 1282 703 1304 can.
720 1272 752 1304 in
768 1271 1003 1304 Walthnwsen.
1055 1269 1096 1303 D.
1113 1269 1256 1303 michael
1278 1270 1406 1314 Purger
1429 1281 1499 1302 ean.
1522 1273 1557 1303 et
1578 1269 1617 1302 fr.
1634 1281 1664 1302 n.
1680 1269 1990 1314 Herozoburgensis.

632 1323 685 1356 Fr.
699 1323 951 1356 Bai-tholomeus
967 1333 1009 1356 m.
1022 1333 1062 1355 so
1077 1333 1141 1355 sac.
1155 1322 1237 1366 prof.
1254 1323 1287 1355 in
1302 1321 1490 1364 mathaeo,
1507 1322 1564 1354 cfr.
1576 1333 1607 1355 ιι.
1639 1321 1795 1355 Nioolaus
1807 1332 1882 1356 nov.
1897 1319 1992 1354 mon¹¹

632 1374 905 1419 Laventinensis]
957 1379 1070 1408 ninniu-
1092 1379 1296 1416 Rosenstingel
1318 1388 1399 1415 ppos.
1422 1380 1453 1408 et
1474 1379 1596 1415 insignis
1618 1379 1756 1415 prelatus,
1784 1378 1848 1406 frum
1870 1378 1992 1412 amator,

634 1427 814 1455 Leonhnsdus
833 1427 902 1459 Bor,
925 1426 1029 1458 senior.
1055 1426 1130 1462 prof¹
1148 1426 1178 1454 in
1202 1425 1400 1455 Rsnushoffen.
1440 1425 1583 1454 Eli-hardus
1605 1425 1744 1458 subdiac..
1767 1434 1803 1453 m.
1820 1426 1852 1453 et
1874 1424 1945 1460 prof.
1962 1423 1992 1453 in

637 1471 884 1499 Krembsmunswr
902 1471 947 1498 ob.
962 1470 1037 1498 1508.

583 1515 698 1548 ΒΑΜ.
723 1516 782 1558 (Α)
805 1515 1003 1547 Ascwinus
1025 1525 1135 1558 ppos.
1153 1514 1209 1547 ob.
1247 1513 1511 1557 Engelbertus
1533 1513 1703 1546 scolaris.
1733 1512 1790 1556 (Ο)
1819 1511 1927 1556 [Anne.
1942 1510 1992 1556 1⁵.]

326 1578 374 1606 15.
402 1577 560 1605 XVII-kal.
583 1572 683 1605 FRS.
714 1571 768 1615 (C)
800 1571 854 1615 [D.
878 1571 1032 1604 Nicolaus
1060 1572 1162 1604 Brum
1193 1581 1277 1614 ean„
1311 1570 1420 1604 senior
1450 1570 1493 1603 sd
1523 1569 1555 1603 S.
1572 1569 1743 1613 Ypolitum
1773 1569 1825 1602 ob.
1848 1570 1935 1602 eirea
1961 1579 1992 1602 a.

637 1624 668 1656 d·
691 1624 817 1667 (14)97.
863 1623 903 1656 D.
919 1623 1060 1656 Michael
1083 1623 1155 1666 pbr.
1173 1626 1208 1655 et
1229 1622 1312 1667 prof.
1329 1622 1423 1656 mon¹¹
1444 1622 1514 1655 Ror
1532 1621 1656 1666 (14)98.
1702 1621 1764 1654 Ob.
1781 1621 1819 1654 fr.
1836 1621 1996 1655 Martinus

638 1677 720 1719 prof.
737 1678 769 1708 in
788 1675 881 1709 Cella
896 1676 1019 1709 Mariae
1043 1687 1090 1708 cv.
1108 1675 1146 1708 fr.
1164 1674 1208 1719 n.]
1247 1679 1298 1708 Ob.
1314 1680 1348 1708 fr.
1360 1679 1503 1708 Steffisnns
1518 1688 1556 1706 m.
1571 1687 1605 1706 sc
1619 1687 1677 1706 sse.
1694 1678 1768 1713 prof.
1784 1677 1815 1705 in
1829 1677 1994 1712 Mam-bace,

638 1728 686 1755 cfr.
699 1737 725 1755 n.
762 1727 806 1755 Fr.
820 1727 971 1762 Philippus
990 1736 1023 1755 nc
1043 1727 1104 1763 pbr.
1117 1727 1187 1762 prof.
1201 1727 1283 1754 monu
1301 1726 1447 1754 Scotorum
1460 1725 1579 1754 Vienne.
1615 1724 1648 1752 D.
1662 1725 1780 1752 Ioannes
1798 1724 1859 1760 pbr.
1875 1726 1906 1752 et
1923 1732 1995 1758 ean„

638 1772 669 1798 fr.
685 1781 710 1798 n.
726 1772 801 1799 1515.
839 1771 870 1799 D.
884 1771 1071 1806 Hieronymus
1090 1770 1264 1805 Aynnhoffor
1281 1770 1342 1805 pbr.
1356 1771 1385 1797 et
1404 1778 1464 1797 can.
1479 1769 1505 1796 h.
1519 1778 1556 1796 m.
1569 1769 1639 1804 prof.
1654 1768 1730 1796 1527.

587 1815 701 1848 ΒΑΜ.
733 1814 793 1858 (A)
827 1817 922 1847 1246
949 1814 1008 1847 o-b.
1031 1814 1255 1846 Friderious
1282 1813 1357 1846 dux
1381 1813 1553 1854 Austris,
1586 1812 1720 1853 Stirie,
1753 1811 1996 1854 d.0arniole,

640 1867 774 1911 vigilie
805 1868 972 1899 minores
1000 1868 1036 1898 in
1068 1866 1193 1899 choro.
1238 1865 1428 1898 Rudolfus
1451 1864 1594 1908 ὀίεσθ’
1620 1863 1853 1898 Gebhardus
1876 1863 1996 1896 Saltz-

642 1920 847 1962 burgensis
870 1919 1059 1961 archieps.

331 1983 379 2010 16.
423 1981 566 2009 XV1.kal.
589 1976 687 2009 FRS.
710 1976 770 2019 (A)
793 1975 990 2020 [Nicolsns
1006 1974 1178 2008 Stamser
1197 1974 1275 2018 pbr.
1293 1977 1331 2007 et
1350 1984 1438 2016 can„
1462 1974 1505 2006 fr.
1522 1984 1553 2006 n.
1593 1972 1755 2006 chunna
1771 1978 1842 2015 ον,
1865 1983 1936 2005 sor.
1952 1972 1996 2018 n.]

642 2029 698 2072 (O)
730 2028 805 2072 [Ob.
823 2027 1062 2069 d.Walthasar‚
1083 2027 1160 2060 olim
1177 2026 1264 2070 pleb.
1282 2027 1316 2058 in
1331 2025 1363 2058 S.
1375 2026 1465 2058 Loco
1485 2037 1514 2058 a.
1529 2025 1559 2058 d.
1578 2028 1638 2058 eto.
1655 2027 1747 2058 1485.
1781 2025 1822 2058 D.
1834 2025 1999 2058 Iohannes

640 2081 883 2123 Nuernberger,
906 2080 977 2123 pbr.
994 2083 1028 2112 et
1046 2079 1128 2122 prof.
1144 2080 1178 2111 in
1193 2079 1314 2121 Plagis.
1359 2078 1400 2110 D.
1417 2077 1546 2110 Marcus
1561 2076 1767 2119 Luehaimer‚
1789 2076 1860 2120 pbr.
1878 2080 1912 2109 et
1927 2087 1997 2110 can.

642 2133 684 2166 ad
715 2133 749 2166 S.
770 2133 957 2165 Florianum
985 2143 1014 2164 a.
1037 2132 1067 2164 d.
1091 2130 1199 2174 1492]
1252 2135 1305 2163 Ob.
1325 2134 1511 2163 Sebastianus
1537 2133 1600 2169 pbr.
1616 2133 1838 2169 Duciburgensis
1861 2142 1887 2161 a.
1906 2133 1999 2168 1518,

645 2185 721 2220 Mag.
734 2184 909 2219 Theophilus
932 2183 1004 2211 diac.
1022 2183 1092 2218 prof.
1111 2183 1142 2210 in
1161 2181 1324 2210 Tiernstain
1345 2190 1370 2209 a.
1389 2183 1443 2208 etc.
1460 2181 1559 2215 (15)21.
1600 2180 1632 2207 D.
1651 2179 1847 2216 Sigismundus
1865 2179 1998 2214 Toerwh,

641 2229 699 2256 dec.
714 2229 743 2256 in
761 2228 850 2255 mon¹⁰
869 2237 890 2255 s.
904 2227 1001 2263 Magni
1020 2227 1049 2253 in
1069 2226 1227 2261 Rotispona.
1245 2225 1344 2260 (15)21.

593 2271 707 2304 FAM.
738 2273 797 2315 (A)
827 2271 1041 2314 Sighardus
1071 2281 1150 2303 can.
1197 2269 1424 2302 Fridericus
1452 2268 1473 2300 l.
1524 2267 1662 2300 Elsbet
1688 2267 1709 2305 1.
1755 2266 1832 2311 [Ob.
1855 2269 1896 2300 et
1925 2267 2000 2299 alii

646 2324 790 2356 fideles
812 2323 1014 2366 Ohristist)
1064 2322 1253 2356 Rudolfus
1282 2322 1335 2354 fil.
1357 2321 1555 2364 pincerne,
1587 2319 1763 2352 redditus
1788 2322 1802 2351 1
1828 2318 1909 2363 tat]
1943 2318 2001 2363 (G)

647 2375 698 2403 Ob.
717 2378 793 2403 certe
813 2384 931 2411 persone
954 2374 1216 2403 confi-eternitatem
1234 2373 1373 2401 habentes
1391 2381 1454 2400 cum
1472 2372 1550 2399 frum·
1567 2371 1607 2398 ni·
1623 2370 1652 2398 in
1671 2370 1864 2405 Hertzoburga
1883 2379 1908 2398 a.
1923 2370 2000 2403 1513,

644 2419 789 2446 videlicet:
810 2421 890 2446 Anna.
908 2417 1181 2454 Parssenprunnerin
1200 2419 1230 2444 et
1248 2417 1356 2444 Helena¹
1375 2414 1612 2443 Hanfruckherin.

337 2473 386 2501 17.
440 2472 500 2500 XV.
515 2472 572 2499 kal.
595 2467 695 2499 FRS.
726 2467 785 2510 (A)
816 2467 1073 2510 Hiltprandus
1102 2466 1197 2498 diac.
1225 2469 1263 2498 et
1292 2475 1389 2506 can„
1422 2464 1466 2496 fr.
1486 2475 1517 2496 n.
1566 2462 1745 2495 Alheidis
1772 2466 1842 2503 π’,
1874 2472 1944 2494 sor.
1967 2472 2000 2494 n.

648 2519 825 2552 Alheidis
849 2525 920 2559 ον,
944 2530 1020 2552 sor.
1036 2530 1066 2551 n.
1112 2517 1283 2550 Hadmut
1304 2522 1376 2558 ον,
1399 2526 1469 2548 sor.
1485 2527 1516 2548 n.
1561 2514 1739 2558 [Iacobus
1761 2513 1838 2556 pbr.
1856 2516 1894 2545 et
1913 2523 2003 2555 can„

650 2571 694 2603 fr.
710 2571 752 2615 n.]
791 2572 909 2604 Petrus
924 2571 1103 2614 Neydeker
1117 2570 1199 2613 pbr.‚
1223 2580 1305 2611 can„
1329 2569 1367 2601 fr.
1382 2579 1414 2601 n.
1450 2567 1506 2610 (O)
1536 2566 1589 2610 [D.
1602 2566 1764 2599 Iohannes
1781 2565 1908 2608 Steger,
1932 2576 2002 2598 can.

650 2624 693 2657 ad
709 2623 741 2656 S.
756 2624 953 2656 Florianum.
992 2624 1032 2655 D.
1049 2623 1204 2655 Nicolaus
1220 2622 1336 2664 Zingk‚
1361 2631 1430 2653 ean.
1447 2621 1481 2652 in
1495 2618 1639 2662 Voraw.]
1677 2623 1711 2650 D.
1718 2622 1897 2656 Wilhelmus,
1918 2622 1947 2650 d.
1959 2623 2003 2650 Io—

650 2677 766 2709 hannes,
786 2677 811 2702 d.
825 2675 956 2707 Michael,
976 2676 1037 2710 pbri
1056 2678 1085 2702 et
1104 2676 1165 2702 cani
1184 2675 1214 2701 in
1233 2674 1334 2702 Suben.

444 2788 468 2822 ⁵)
488 2789 610 2822 Sequitur
627 2790 726 2815 subtue:
749 2797 773 2814 ιι.
785 2789 810 2814 d.
915 2787 941 2820 b)
966 2788 1021 2813 Vox
1039 2792 1105 2814 certe
1123 2787 1173 2820 leqi
1189 2787 1284 2819 nequit.
1391 2786 1414 2819 ⁰)
1433 2785 1596 2811 Praecedens
1615 2789 1678 2810 nota
1695 2783 1780 2810 colore
1797 2783 1877 2809 rubro
1895 2768 2004 2815 scripta.

340 2831 366 2865 d)
386 2833 508 2866 Sequitur
526 2837 589 2858 nota
606 2841 692 2858 erasa.
1485 2827 1490 2832 ·
