2150 3178
147 762 171 781 10

144 1018 168 1037 15

143 1276 169 1295 20

143 1534 168 1554 25

141 1790 167 1810 ³⁰

141 2048 165 2067 35

138 2376 165 2396 40

139 2591 164 2610 45

424 202 594 229 ANNALES
613 201 857 229 NECROLOGICI
876 201 916 229 IN
935 200 1170 229 CALENDARIO
1189 200 1422 228 ZWETTLENSI
1443 201 1604 228 TRADITI.
1778 204 1838 233 571

190 290 310 322 libros
333 289 468 330 bonos,
493 290 555 330 qui
579 292 663 320 sunt
684 288 893 330 reponendi
916 289 952 319 in
975 293 1015 320 η*
1037 288 1203 320 libraria.
1248 287 1345 319 Item
1368 287 1502 319 eodem
1525 292 1561 318 αθ
1578 287 1681 319 circa
1701 287 1840 319 festum

189 341 217 372 si
239 341 406 372 Dionisii
434 340 489 372 ob.
513 340 542 371 d.
565 340 702 372 Petrus
726 339 770 371 de
793 339 1040 371 Rosenberch
1063 339 1177 370 minffi
1200 338 1401 378 Bohemie‚
1432 338 1566 369 fidelis
1589 339 1731 369 amicus
1754 338 1785 369 h.
1803 349 1842 379 c.,

189 392 363 434 sepultus
392 392 428 423 in
452 416 458 423 .
484 416 491 422 .
516 391 554 433 .·)
603 391 700 422 Item
729 391 829 422 circa
858 389 959 422 idem
989 394 1137 432 tempus
1164 390 1219 422 ob.
1240 389 1444 421 Ludwious
1471 388 1546 420 dux
1569 388 1748 430 Babarie,
1779 391 1842 431 qui

188 454 227 475 se
251 454 319 485 pro
343 453 472 474 cesare
495 443 624 474 multis
647 442 754 473 annis
777 441 950 483 gerebat,
974 441 1176 473 subitanea
1199 444 1318 472 morte
1334 442 1552 482 preventus,
1588 440 1686 471 Item
1703 439 1840 472 d.Leu-

188 495 326 537 poldus
349 493 432 525 abb.
450 493 490 525 Se
508 493 677 534 crucis1)
700 493 745 524 de
770 492 909 534 Campo
933 493 1100 524 liliorum
1125 495 1302 534 receptus
1326 491 1382 523 ob.
1400 491 1603 523 subitanea
1628 492 1789 534 morte.¹²)

293 547 329 578 A.
347 545 377 577 d.
397 547 491 577 1348
516 570 522 576 .
549 570 555 576 .
581 570 587 576 .
613 569 619 575 .
650 545 741 575 item
771 544 903 576 eodem
932 550 970 575 a0
993 544 1174 586 Mathiess)
1205 545 1260 576 ob.
1284 544 1314 574 d.
1339 543 1530 575 Iohannes
1562 543 1606 575 de
1638 543 1841 586 Ohunring,

138 589 140 591 ’
188 597 369 629 fundator
390 607 434 638 n.‚
465 596 637 638 sepultus
666 606 748 627 cum
776 600 816 636 pe
839 606 905 627 suo
934 597 972 626 in
1000 606 1095 627 novo
1120 596 1236 627 choro
1261 599 1299 627 et
1321 595 1499 637 sequenti
1523 594 1597 636 12⁰³)
1621 594 1677 626 ob.
1695 595 1736 626 fr.
1754 606 1842 627 suus

188 647 492 732 Leutglddtfsigw
516 698 571 730 ob.
589 698 619 729 d.
638 697 729 729 Otto
753 698 798 729 de
822 697 1086 738 Gnemhertel,
1117 698 1178 739 qui
1210 697 1316 729 dedit
1339 697 1543 728 conventui
1567 696 1686 728 bonos
1709 697 1841 738 libros,

189 755 234 784 40
250 752 456 790 volumina,
480 750 632 781 scilicet
654 751 690 781 in
712 750 946 791 pestilencia
969 750 1170 789 communi,
1194 750 1277 791 ipse
1301 752 1340 780 et
1363 749 1572 780 avunculus
1594 749 1675 780 eius
1692 749 1843 782 scilicet

187 802 420 835 Pertholdus
443 801 793 833 Schutzenmaister
816 805 854 832 et
876 801 917 832 fr.
935 800 1059 832 Griffo
1083 801 1124 831 fr.
1143 800 1235 832 dicti
1259 799 1411 832 Ottonis
1436 803 1474 831 et
1496 799 1691 839 Andree.‹³)

290 855 331 886 A.
349 853 378 885 d.
398 855 492 885 1352
517 878 523 884 .
550 878 556 884 .
581 878 587 884 .
611 853 760 884 interea
788 852 939 884 ducissa
963 851 1169 893 Iohanna4)
1192 863 1250 883 ux.
1271 851 1424 883 Alberti
1447 851 1700 883 acerbissima
1722 855 1842 884 morte

188 908 374 948 preventa
405 905 524 936 eciam
550 907 700 946 partum
729 903 917 935 abortivit
945 907 982 935 et
1011 904 1064 934 sic
1094 913 1174 934 cum
1204 903 1367 934 maxima
1390 903 1535 934 frenesi
1560 903 1752 935 exstincta
1775 907 1842 944 est,

222 983 228 989 .
255 983 260 989 .
286 960 400 999 atque
422 956 459 987 in
483 955 643 987 Gemnik
666 955 910 997 presentibus
934 955 1063 986 multis
1086 954 1227 986 abb³b¹¹⁸
1251 957 1289 985 et
1311 954 1474 995 prelatis
1498 954 1649 996 sepulta
1673 955 1769 997 estft)

290 1009 330 1039 A.
347 1008 377 1039 d.
399 1009 490 1039 1355
515 1007 572 1038 ob.
590 1006 620 1038 d.
637 1017 726 1038 com.
744 1006 788 1038 de
809 1006 1094 1047 thannberch,
1118 1006 1375 1037 marschalcus
1392 1006 1556 1037 Austrie.
1604 1005 1669 1036 Ob.
1688 1006 1840 1038 Leutol-

187 1060 254 1091 dus
276 1060 431 1091 ultimus
454 1058 633 1101 (generis)
653 1057 697 1090 de
714 1056 909 1099 Ohunring
933 1057 977 1089 de
995 1057 1212 1099 Tyrnstain,
1236 1057 1465 1088 adolescens
1484 1056 1677 1098 gloriosus
1698 1057 1841 1099 absque

190 1110 460 1152 hered(ibus).‘)

291 1163 330 1194 A.
348 1162 378 1193 d.
398 1163 491 1193 1356
520 1162 621 1193 circa
644 1161 780 1192 festum
804 1160 832 1191 si
856 1160 1002 1200 Geor-ii,
1033 1160 1135 1202 quod
1158 1160 1225 1191 illo
1249 1165 1287 1191 a⁰
1310 1160 1382 1190 fuit
1405 1160 1444 1190 in
1467 1159 1602 1200 vigilia
1625 1170 1753 1201 pasce,
1785 1161 1840 1192 ob.

187 1215 217 1246 d.
235 1213 477 1245 Wilhellmus
499 1212 544 1244 de
566 1212 817 1252 Landestain,
841 1223 870 1244 n.
889 1212 1020 1244 fidelis
1043 1211 1224 1243 defensor
1249 1222 1295 1243 ex
1319 1214 1428 1252 parte
1452 1211 1747 1253 Bohemorum.e)

289 1266 329 1296 A.
351 1264 382 1296 d.
406 1265 500 1296 1360
528 1263 752 1306 Rudolfus⁵)
780 1287 788 1295 .
815 1290 820 1295 .
846 1287 853 1294 .
884 1263 958 1294 dux
987 1263 1140 1295 Austrie
1169 1288 1175 1294 .
1202 1288 1208 1294 .
1234 1288 1240 1294 .
1271 1262 1511 1304 expugnavit
1540 1265 1703 1293 castrum
1733 1263 1840 1305 Ried,

185 1317 248 1349 ubi
271 1318 350 1348 ictu
371 1316 513 1357 lapidis
536 1315 707 1347 machine
731 1314 802 1347 deo
826 1315 980 1346 volente
1005 1318 1041 1346 et
1064 1315 1212 1356 virgine
1229 1314 1399 1355 gloriosa
1415 1314 1669 1355 interemptus
1693 1317 1751 1345 est
1774 1339 1780 1346 .
1804 1340 1810 1346 .
1834 1340 1840 1348 .

187 1369 233 1400 de
256 1367 471 1409 Meissaw.¹¹)

289 1420 328 1451 A.
346 1419 376 1451 d.
397 1420 489 1451 1387
518 1428 636 1450 nonas
663 1417 862 1450 Februarii
893 1417 947 1449 ob.
969 1417 1134 1448 Michael
1166 1417 1289 1458 pictor
1319 1416 1366 1448 de
1397 1415 1624 1457 civitatem)
1676 1417 1720 1447 Αο
1746 1419 1839 1449 1387

186 1471 415 1503 interfectus
438 1472 496 1501 est
519 1469 650 1502 fidelis
673 1469 801 1501 fautor
823 1469 854 1500 h.
871 1480 913 1500 m.
931 1469 1083 1500 scilicet
1106 1467 1461 1509 Schoenbergarius
1484 1468 1520 1499 in
1544 1468 1679 1509 vigilia
1702 1468 1839 1500 siMar-

187 1524 257 1556 tini
279 1524 317 1554 in
339 1521 521 1564 parochia
544 1521 610 1552 sub
633 1522 805 1563 vesperis
829 1520 1030 1552 cantandis
1054 1530 1123 1562 per
1145 1519 1253 1551 fam⁰⁸
1277 1519 1323 1550 de
1347 1519 1573 1561 Meyssawffi)

289 1575 329 1606 A.
347 1574 377 1605 d.
398 1575 489 1605 1395
514 1572 569 1605 ob.
585 1572 807 1614 Albertus7)
837 1572 911 1603 dux
938 1571 1094 1603 inclitus
1121 1571 1159 1602 in
1182 1571 1539 1602 Lauchsenwueroh
1563 1574 1601 1602 et
1624 1571 1661 1602 in
1684 1571 1841 1604 Wienna

187 1625 398 1668 sepultus.¹)

290 1677 328 1708 A.
346 1676 375 1708 d.
396 1679 477 1708 1402
502 1699 508 1706 .
533 1700 541 1706 .
567 1700 573 1707 .
598 1676 725 1707 inclitus
754 1675 820 1706 dux
842 1675 972 1707 Austrie
996 1675 1119 1706 scilicet
1142 1674 1296 1706 Albertus
1307 1674 1334 1716 Β)
1359 1699 1364 1705 .
1391 1699 1396 1705 .
1422 1698 1429 1705 .
1454 1674 1587 1705 recessit
1609 1674 1650 1705 ab
1674 1674 1840 1707 obsidione

186 1729 336 1760 Oznaime
352 1731 384 1759 et
401 1751 408 1758 .
427 1753 432 1759 .
450 1752 456 1758 .
474 1727 516 1769 (a.
526 1727 555 1759 d.
567 1727 662 1768 1404)
674 1727 762 1758 venit
775 1728 807 1758 in
820 1726 1071 1769 Newnburgam,
1086 1726 1143 1758 ubi
1155 1737 1278 1758 veneno
1294 1737 1313 1758 a
1325 1725 1542 1768 proditoribus
1556 1727 1731 1758 exstinctus
1744 1727 1840 1768 est.¹¹²)

288 1781 326 1811 A.
344 1779 374 1811 d.
394 1781 474 1811 1403
499 1803 506 1811 .
532 1804 538 1810 .
563 1803 570 1810 .
595 1779 757 1821 predictus
780 1778 922 1810 marchio
948 1778 987 1810 de
1003 1778 1158 1818 Mox-avia,
1183 1779 1237 1820 qui
1257 1778 1372 1809 dicitur
1387 1777 1493 1809 Proco
1503 1778 1540 1819 ⁹),
1565 1778 1617 1819 qui
1634 1779 1751 1809 multas
1768 1779 1840 1810 lites

185 1832 358 1871 suscitavit,
382 1831 526 1872 captivus
550 1831 663 1862 ductus
685 1831 746 1862 fuit
768 1841 788 1862 a
812 1830 996 1872 supradicto
1021 1840 1098 1871 rege
1123 1829 1328 1872 Sigismundo
1353 1829 1556 1871 Ungarorum
1580 1830 1612 1860 in
1634 1828 1839 1871 Erspuerkch

186 1887 219 1914 et
242 1883 286 1914 ibi
305 1883 429 1924 positus
451 1883 483 1913 in
500 1892 673 1923 carcerem,
696 1881 751 1913 ubi
767 1881 994 1913 miserabiliter
1010 1881 1181 1913 defunctus
1198 1884 1246 1912 est
1261 1884 1335 1922 post
1350 1881 1430 1912 duos
1447 1891 1503 1912 sue
1521 1881 1682 1922 capcionis
1698 1882 1839 1923 annos.¹¹)

286 1935 325 1965 A.
343 1933 373 1965 d.
395 1936 474 1965 1405
498 1933 652 1965 Albertus
675 1933 715 1964 de
731 1933 862 1964 Vettaw
886 1958 892 1964 .
919 1958 925 1964 .
951 1957 958 1964 .
982 1932 1211 1964 miserabiliter
1234 1943 1253 1963 a
1276 1932 1402 1963 rusticis
1425 1933 1639 1973 interemptus
1662 1932 1751 1974 esto)

287 1986 326 2016 A.
344 1985 374 2016 d.
396 1987 476 2017 1458
488 1985 530 2026 ²⁰)
553 1985 584 2016 in
609 1984 662 2016 die
685 1984 709 2015 si
724 1984 900 2016 Clementis
924 1984 1039 2015 nobilis
1063 1987 1095 2015 et
1113 1984 1240 2015 inclitus
1256 1983 1426 2015 Ladislaus
1442 1994 1501 2015 rex
1517 1983 1659 2025 Ungarie
1684 1987 1717 2015 et
1731 1984 1839 2016 Bohe-

185 2037 260 2078 mie,
285 2036 350 2068 dux
364 2037 493 2068 Austrie
517 2039 550 2068 et
571 2036 713 2067 marchio
736 2036 768 2067 in
786 2035 938 2076 Moravia,
962 2035 1150 2067 interfectus
1170 2038 1219 2066 est
1235 2046 1253 2066 a
1270 2034 1429 2076 perversis
1446 2037 1479 2066 et
1494 2034 1673 2076 nephandis
1689 2034 1841 2066 hereticis

183 2090 216 2119 in
239 2088 368 2119 civitate
392 2098 449 2119 sua
472 2087 638 2129 Pragensi,
662 2098 725 2119 non
748 2088 780 2118 in
803 2087 917 2128 prelio,
941 2086 998 2118 sed
1022 2086 1133 2118 dolose
1157 2089 1190 2118 et
1212 2087 1244 2117 in
1268 2082 1403 2117 occulto'
1417 2086 1449 2116 in
1473 2085 1618 2117 cubiculo
1643 2086 1741 2127 suo.¹³)

288 2207 310 2239 ⁸)
322 2208 422 2234 Nomen
435 2208 510 2234 deest.
537 2208 578 2240 Of.
589 2208 660 2233 Mon.
669 2208 764 2239 Germ„
777 2208 922 2241 Scriptores
936 2207 987 2239 IX,
997 2209 1054 2239 692,
1067 2210 1087 2233 7.
1157 2206 1182 2240 b)
1194 2216 1219 2240 p.
1229 2208 1290 2238 692,
1300 2209 1338 2232 10.
1409 2206 1432 2238 0)
1441 2214 1469 2238 p.
1480 2208 1538 2237 692,
1548 2209 1585 2231 14.
1657 2205 1681 2238 d)
1689 2215 1718 2239 Ρ.
1729 2209 1786 2238 692,
1796 2210 1836 2232 42.

184 2251 207 2283 e)
222 2260 251 2284 p.
266 2253 367 2283 693‚15.
472 2250 491 2282 s)
506 2259 535 2283 p.
548 2252 603 2282 693,
617 2253 657 2276 52.
762 2250 787 2283 s)
803 2260 829 2284 p.
843 2253 900 2282 694,
913 2254 948 2276 11.
1054 2249 1079 2282 h)
1095 2259 1121 2283 p.
1135 2252 1196 2281 694,
1208 2251 1248 2275 37.
1354 2248 1372 2281 i)
1387 2257 1416 2281 p.
1429 2251 1486 2281 695,
1500 2251 1539 2275 35.
1644 2247 1672 2282 ¹¹)
1687 2258 1716 2282 p.
1730 2252 1785 2280 695,
1798 2252 1830 2274 41

183 2293 203 2326 1)
219 2303 247 2327 p.
262 2296 318 2326 696,
330 2296 369 2319 46.
474 2293 505 2325 m)
519 2302 549 2326 p.
562 2295 617 2325 696,
628 2295 669 2319 20.
775 2293 800 2326 n)
814 2302 843 2326 p.
857 2295 912 2325 696,
927 2295 968 2319 38.
1074 2293 1099 2324 ο)
1113 2302 1142 2325 p.
1157 2295 1216 2324 696,
1230 2295 1270 2318 52.
1375 2293 1401 2324 ν)
1415 2301 1443 2324 p.
1458 2294 1516 2323 698,
1528 2294 1571 2318 40.

288 2371 308 2402 ¹)
328 2373 508 2397 1342-1347.
614 2370 635 2402 ²)
657 2369 730 2396 XII.
743 2369 797 2395 kal.
811 2369 910 2395 Martii
928 2369 1034 2396 testihaes
1051 2369 1197 2395 annalibus
1214 2368 1412 2395 Zwetlensibus.
1519 2369 1539 2401 ³)
1557 2367 1657 2394 Eodem
1680 2372 1710 2393 αθ
1727 2367 1838 2394 testibus

183 2413 329 2440 annalibus
340 2412 533 2439 thlmevhaae.
620 2413 641 2444 ⁴)
661 2412 787 2438 Ioharma
799 2420 817 2438 a
829 2411 898 2445 Pfirt
909 2419 956 2439 ux.
966 2411 1070 2438 Alberti
1082 2411 1123 2438 II.
1136 2411 1210 2438 ducis
1223 2411 1359 2438 Ausm'ae.
1447 2412 1467 2444 ⁵)
1487 2410 1627 2445 Rudolfus
1638 2410 1691 2436 IV.
1704 2409 1837 2436 Austriae

183 2456 249 2483 dux.
338 2457 359 2489 ‘)
377 2455 415 2482 In
431 2455 518 2482 codice
534 2455 607 2481 ultra
625 2455 780 2489 appositum
798 2457 849 2481 est:
868 2455 920 2481 Ille
938 2454 1007 2482 fecit
1024 2454 1115 2481 multa
1133 2454 1206 2481 bona
1223 2454 1258 2481 ad
1271 2462 1373 2480 novam
1385 2455 1554 2480 structuram
1567 2452 1678 2479 scilicet
1695 2451 1724 2478 in
1738 2451 1835 2479 vitreis

183 2498 262 2526 novis
274 2498 428 2530 Benedicti,
446 2497 570 2530 Martini,
588 2497 721 2525 Iohannis
734 2497 916 2532 evangeliste.
935 2497 1024 2525 Mai-ie
1036 2497 1211 2532 Magdalene‚
1230 2496 1313 2528 Petri,
1329 2496 1410 2523 Pauli
1423 2497 1453 2523 et
1465 2495 1494 2522 in
1507 2495 1573 2522 aliis
1585 2494 1704 2530 picturis
1716 2494 1834 2522 diversis

184 2542 220 2568 ad
238 2541 341 2569 altaria
358 2547 391 2568 n*
408 2543 438 2569 et
455 2541 491 2568 ad
509 2541 619 2568 diversa
636 2540 699 2568 loca
716 2541 797 2568 monii
815 2542 845 2567 et
862 2549 945 2567 unam
962 2548 1062 2567 novam
1075 2540 1203 2567 tabulam
1217 2539 1321 2567 obtulit
1338 2539 1373 2566 ad
1386 2539 1476 2566 altare
1489 2547 1510 2564 s.
1524 2537 1569 2565 dei
1581 2536 1732 2572 genetricis
1745 2537 1834 2565 Marie

183 2584 274 2611 adhuc
294 2584 389 2612 vivens
407 2593 457 2618 pro
475 2583 597 2611 remedio
615 2583 706 2611 anime
724 2592 780 2615 sue,
798 2583 856 2610 uxiss
871 2592 918 2611 sue
936 2585 966 2610 et
981 2583 1104 2610 omnium
1121 2582 1240 2610 filiorum
1253 2591 1286 2609 ac
1299 2582 1419 2609 filiarum
1433 2590 1544 2608 suarum
1558 2583 1585 2607 et
1599 2580 1722 2607 omnium
1734 2589 1835 2615 paren-

183 2628 244 2653 tum
266 2635 385 2654 suorum.
490 2627 511 2661 ⁷)
530 2626 656 2653 Alba-ms
678 2626 736 2653 III.
758 2627 887 2652 Austriae
909 2626 975 2652 dum.
1082 2626 1103 2657 ⁸)
1121 2625 1245 2652 Albertus
1267 2625 1319 2651 IV.
1344 2625 1473 2651 Austm'ae
1496 2624 1566 2657 dux,
1593 2624 1640 2657 qui
1665 2632 1690 2650 a.
1709 2628 1773 2650 1404
1797 2624 1837 2650 ob.

186 2671 206 2702 ⁸)
226 2669 380 2703 Ptocopius.
488 2669 520 2703 ¹⁰)
539 2669 620 2697 Recte
637 2678 662 2696 a.
677 2673 744 2696 1457.

1576 2862 1628 2889 72*
