2150 3178
299 183 360 214 166
418 179 686 208 NECROLOGIUM
705 179 814 207 PATR.
827 179 1005 207 MINORUM
1024 179 1346 207 CONVENTUALIUM
1364 180 1414 208 AD
1432 181 1459 208 S.
1473 180 1619 209 ORUOEM
1639 181 1844 211 VINDOBON.

295 268 346 300 vir
368 267 569 300 clarissimus
583 266 728 300 Karalus
742 266 832 300 Lind
846 266 1023 308 (Berichte
1041 268 1112 300 und
1125 267 1354 309 Mitteilunyen
1375 267 1430 300 des
1444 267 1794 303 Altcrtums-Vereines
1806 279 1849 303 zu
1859 269 1964 304 Wien'

298 319 383 358 XII,
400 319 567 362 52—114)
595 319 740 351 exaratis
766 328 889 360 quoquc
911 329 1062 360 yenerum
1087 319 1268 360 insiynibus
1287 318 1412 360 publici
1433 319 1518 352 iuris
1535 319 1692 363 fecerunt.
1745 320 1862 355 Videas
1882 332 1966 363 quae

297 371 335 404 de
357 371 408 404 his
431 371 542 404 libellis
564 371 703 403 disserui
724 371 843 404 ‘Neues
857 370 989 403 Archiv*
1003 370 1147 410 XXXV,
1164 371 1346 403 727—730.

404 423 484 456 Cum
506 423 648 455 auctoris
670 433 749 463 opus
771 433 810 455 ac
831 423 990 464 sequentis
1011 423 1081 455 aevi
1095 423 1351 456 continuationes
1366 423 1451 465 typis
1465 423 1642 457 discernere
1655 424 1765 457 enisus
1778 425 1849 465 sim,
1871 427 1965 459 notas

296 476 439 508 auctoris
461 476 615 516 cuiusque
637 485 737 507 manu
759 475 897 515 scriptas
919 473 1035 507 litteris
1048 475 1224 508 maioribus
1239 474 1340 507 latius
1354 475 1526 516 dispositis,
1549 476 1803 510 continuationes
1817 487 1898 510 saec.
1912 478 1964 510 14.

297 527 412 560 litteris
434 527 609 560 maioribus
631 526 731 560 latius
753 527 917 568 dispositis
938 528 1031 560 uncis
1053 527 1196 566 inclusis,
1218 530 1312 559 notas
1333 538 1356 560 a
1370 527 1514 560 librariis
1527 538 1609 561 saec.
1626 528 1678 561 15.
1693 528 1833 570 scriptas
1847 528 1964 562 litteris

296 579 484 619 maioribus,
513 582 607 612 notas
628 589 710 611 saec.
728 580 779 611 16.
803 579 945 611 adiectas
967 582 1094 612 tantum
1116 579 1246 612 selectas
1268 579 1384 612 litteris
1404 579 1538 612 minutis
1559 580 1803 622 distinquendas
1824 581 1964 614 studiose

296 631 521 673 diliqenterque
549 631 671 664 curavi.
722 631 951 672 Inscriptiones
977 641 1048 664 vero
1075 631 1217 664 auctoris
1242 641 1341 664 manu
1364 632 1532 672 praefixae
1558 631 1674 665 litteris
1695 632 1870 666 maioribus
1887 643 1964 674 pm-

294 684 393 725 9uius
413 683 577 725 impressis
597 685 763 716 notantur.

400 735 489 768 Mihi
510 735 616 768 adhuc
637 738 787 776 superest,
809 738 846 767 ut
868 735 936 768 viro
958 735 1084 776 optimo,
1107 735 1228 768 doctori
1249 735 1288 768 Ρ.
1305 735 1448 768 Iohamni
1463 734 1538 775 Pix,
1555 737 1688 777 patrum
1703 735 1872 769 Minorum
1893 746 1965 770 con-

296 787 493 820 ventualium
517 787 718 820 Vindobonae
733 786 928 828 provinciali
950 788 1065 828 optime
1087 788 1207 828 merito,
1229 788 1282 821 hic
1302 788 1428 829 yratias
1450 788 1560 821 iterem
1582 788 1711 821 debitas.

401 841 462 873 Ius
479 839 599 882 fasque
620 849 742 881 quoquc
764 841 819 878 est,
841 842 878 872 ut
899 840 1044 873 societati
1065 840 1179 881 optime
1201 840 1239 873 de
1253 840 1388 873 scientia
1402 839 1544 879 meritae,
1567 840 1622 873 cui
1635 850 1749 873 nomen
1762 838 1964 872 ‘Altertums-

306 892 418 925 Verein
440 893 475 924 in
493 892 606 931 Wien‘,
629 891 741 924 hudes
752 894 920 933 yratesque
933 902 1027 934 aqam
1035 902 1100 932 pro
1114 902 1158 931 eo,
1179 892 1264 934 quod
1278 892 1455 934 insiynium
1466 891 1707 934 yentilitiorum,
1728 902 1811 934 quae
1821 892 1966 933 primum

297 946 332 977 in
359 955 449 985 opere
475 955 577 985 supra
606 944 688 976 dicto
709 943 869 976 ‘Berichte
896 944 967 976 und
987 943 1227 986 Mitteilunyen'
1247 945 1285 977 in
1311 944 1412 977 lucem
1439 944 1526 976 edita
1554 946 1644 984 sunt,
1674 947 1763 987 typos
1784 943 1967 985 repetendos

297 997 510 1036 tradiderunt,
532 1000 569 1029 ut
591 996 668 1029 haec
689 1006 812 1037 quoque
834 996 931 1029 editio
953 996 1004 1029 his
1025 1006 1091 1029 non
1112 999 1229 1029 careat.

535 1151 1038 1199 NECROLOGIUM
1073 1151 1370 1198 PATRUM
1405 1149 1725 1198 MINORUM

638 1225 732 1271 AD
766 1224 813 1272 S.
836 1224 1121 1272 CRUCEM
1153 1223 1627 1272 VINDOBONAE.

994 1337 1076 1374 IAN
1079 1337 1273 1375 UARIUS.

315 1418 339 1445 1.
471 1417 529 1444 kal.
554 1411 603 1444 D·
627 1411 891 1455 Kunigundis
917 1422 1042 1454 super
1064 1410 1253 1445 Statuam
1283 1411 1342 1444 ob.
1364 1422 1394 1444 a.
1415 1412 1446 1446 d.
1469 1414 1584 1454 1357,
1615 1421 1691 1455 que
1720 1414 1874 1444 testata
1903 1414 1967 1445 est

610 1475 681 1507 pro
698 1464 801 1496 fr¹¹²'¹·
817 1467 836 1496 5
852 1469 878 1496 a
895 1468 943 1503 (a)
958 1464 1209 1505 reddituum,
1234 1464 1282 1497 de
1305 1463 1454 1507 quibus
1475 1464 1555 1496 nisi
1578 1463 1714 1507 duas·)
1730 1464 1965 1507 recipimus.

609 1517 696 1550 Una
717 1516 1025 1559 estredempta‚
1049 1527 1125 1559 que
1141 1515 1319 1549 dabatur
1340 1515 1389 1549 de
1412 1516 1529 1549 domo
1545 1515 1758 1548 Reindlini
1777 1516 1816 1548 in
1831 1518 1966 1548 strata

610 1569 995 1610 Karinthianorum,
1019 1579 1135 1611 quam
1158 1579 1262 1601 nunc
1277 1568 1488 1601 inhabitat
1503 1568 1533 1600 d.
1545 1567 1786 1600 Wilhelmus
1801 1567 1964 1610 dispen-

611 1625 725 1654 sator
747 1621 781 1653 d*
802 1620 934 1662 ducis,
957 1631 1074 1663 quam
1097 1621 1274 1654 redemit
1296 1623 1482 1663 tempore
1506 1619 1760 1661 fr¹·Nicolai,
1783 1619 1964 1662 gurdiani

610 1673 704 1713 loci,
735 1683 805 1715 pro
831 1676 848 1706 7
865 1678 895 1704 a
913 1676 935 1709 ὰ
982 1672 1171 1705 Secunda
1192 1677 1218 1704 a
1251 1672 1464 1715 redempta
1486 1675 1550 1704 est
1573 1675 1759 1714 tempore
1781 1671 1965 1714 predicti

608 1724 800 1768 gardiani
830 1724 1014 1767 Toplarii
1045 1736 1065 1757 a
1095 1725 1306 1767 Stephano
1336 1724 1536 1765 Pollonis‚
1571 1734 1688 1767 quam
1719 1722 1966 1766 porrigebat

609 1777 655 1810 de
684 1777 849 1810 cellario
873 1777 1111 1820 Minngangi‚
1141 1777 1205 1809 ubi
1232 1776 1451 1810 venduntur
1477 1777 1593 1819 panni
1622 1777 1660 1808 in
1687 1775 1778 1807 Alto
1801 1774 1901 1808 Foro
1929 1776 1967 1807 in

609 1831 703 1862 acie.
755 1829 893 1862 Tereia
923 1829 1092 1862 dabatur
1122 1829 1169 1861 de
1197 1839 1270 1861 una
1299 1828 1410 1861 domo
1442 1832 1531 1861 ante
1564 1827 1769 1860 eeclesiam
1800 1832 1833 1859 ΒΘ
1850 1826 1966 1860 Clare

609 1882 767 1924 sitamb),
791 1892 864 1925 que
888 1881 1060 1914 funditus
1084 1881 1156 1913 fuit
1179 1881 1359 1923 deposita
1381 1891 1449 1923 per
1471 1881 1547 1922 ἦθ’,
1574 1883 1614 1912 et
1635 1878 1790 1921 lapides
1813 1879 1967 1911 fuerunt

609 1933 738 1966 aducti
761 1934 809 1966 ad
832 1937 1058 1966 conventum
1082 1944 1149 1976 pro
1172 1938 1212 1965 n⁰
1236 1932 1396 1966 edificio
1420 1932 1622 1976 [videlicet
1644 1941 1711 1974 pro
1734 1931 1821 1963 istis
1844 1941 1965 1964 came-

609 1987 661 2018 ris
688 1996 758 2028 per
785 1986 863 2018 fr⁰¹¹¹
887 1986 1115 2027 Iohannem,
1145 1985 1285 2018 dudum
1308 1985 1537 2027 ministrum,
1567 1982 1800 2026 edificatoc),
1832 1986 1869 2015 et
1890 1983 1966 2016 ista

608 2044 635 2070 a
662 2038 736 2071 fuit
767 2039 825 2071 ius
854 2038 973 2070 fundi.
1028 2038 1176 2075 Quarta
1198 2044 1224 2071 w
1250 2042 1271 2075 ι).
1302 2038 1515 2080 porrigitur
1548 2038 1648 2070 omni
1681 2046 1779 2068 anno
1813 2035 1860 2068 de
1893 2046 1966 2070 una

610 2091 722 2123 domo
750 2092 857 2123 iuxta
887 2090 1036 2123 domum
1066 2090 1239 2133 pellium,
1271 2089 1339 2122 ubi
1361 2089 1581 2122 venduntur
1603 2090 1728 2133 pelles
1751 2093 1790 2122 et
1811 2090 1964 2133 pelieia.

609 2143 750 2181 Quinta
771 2148 799 2174 a
826 2147 848 2180 e
877 2142 991 2175 datur
1013 2142 1059 2175 de
1082 2152 1154 2174 una
1177 2141 1286 2174 domo
1310 2152 1430 2184 prope
1453 2141 1522 2173 ΒΨ
1537 2141 1689 2174 Claram
1712 2151 1760 2174 ex
1783 2141 1967 2184 opposito

610 2195 742 2228 domus
764 2195 862 2238 mag*
886 2195 991 2227 curie
1014 2194 1049 2226 <1³
1071 2193 1253 2226 Iohannis
1276 2193 1322 2226 de
1344 2193 1655 2234 Lieehtenstain,
1679 2196 1718 2226 et
1739 2203 1834 2225 unus
1857 2192 1967 2225 faber

608 2247 789 2290 porrigit,
823 2251 863 2279 et
894 2247 931 2279 (1ο
960 2246 1000 2278 8⁰
1026 2245 1138 2278 Clare
1170 2245 1360 2278 deberent
1391 2245 1605 2288 porrigere,
1639 2248 1683 2278 ut
1713 2244 1809 2277 dicit
1839 2245 1966 2277 litera

608 2299 897 2332 testamentalis
913 2299 1070 2331 domine
1087 2297 1269 2341 predicte.
1315 2297 1476 2340 Deditd)
1492 2298 1613 2330 etiam
1628 2307 1695 2340 pro
1712 2296 1815 2329 fr¹⁶¹¹¹
1834 2299 1853 2329 6
1869 2307 1964 2329 mar-

609 2362 672 2383 cas
700 2352 786 2394 puri
817 2351 984 2393 argenti,
1020 2361 1112 2393 quas
1144 2349 1184 2382 fr.
1207 2349 1429 2391 Eadm-icus,
1465 2349 1605 2381 dudum
1638 2349 1845 2392 gal-dianus
1876 2348 1965 2390 loci,

609 2403 869 2436 confessarius
892 2414 993 2442 sune,
1018 2402 1125 2435 dedit
1146 2412 1215 2444 pro
1239 2402 1342 2434 fr¹i¹¹¹¹
1365 2405 1403 2434 et
1425 2404 1615 2434 conventu
1637 2400 1844 2443 premissis.
1890 2400 1963 2432 De-

610 2456 666 2488 dit
696 2455 817 2487 adhue
846 2457 865 2487 2
890 2465 1038 2487 marcas
1061 2454 1227 2497 argenti,
1259 2464 1370 2486 unam
1393 2453 1508 2486 michi
1530 2452 1742 2496 predi0t01)
1764 2452 1964 2495 gar-diano,

608 2507 815 2540 secundam
843 2507 1038 2547 sacristia,
1071 2509 1109 2538 et
1137 2507 1191 2538 sic
1218 2509 1310 2538 sunt
1338 2507 1357 2538 8
1381 2516 1522 2546 marce,
1553 2508 1592 2538 et
1618 2504 1705 2537 ideo
1732 2514 1822 2536 vere
1851 2504 1964 2547 ligati

609 2569 735 2595 sumus
751 2560 874 2591 anime
891 2569 967 2591 sue.
1002 2559 1051 2591 D·
1067 2558 1296 2590 Elisabetha
1312 2557 1343 2589 1⁵
1358 2557 1604 2590 Haeuzzinna
1620 2556 1687 2598 ob.,
1703 2556 1763 2588 hio
1779 2555 1962 2598 se(pulta)

609 2611 646 2642 in
670 2611 823 2653 capella
846 2611 1030 2653 Corporis
1053 2608 1250 2653 Christi.⁰)]

402 2724 425 2756 ⁸)
442 2723 531 2757 Supra
545 2724 570 2749 lo
555 2732 628 2749 ocum
640 2733 730 2749 rasum
742 2725 874 2757 scriptum.
950 2724 975 2756 b)
990 2724 1052 2749 C'od.
1066 2737 1099 2741 -—
1114 2723 1233 2756 C'orriqe:
1251 2723 1309 2748 sita.
1387 2721 1411 2754 ο)
1424 2721 1546 2754 Sequitur
1558 2721 1629 2747 locus
1639 2729 1724 2747 rasus.
1799 2718 1825 2753 d)
1838 2720 1917 2746 Dedit
1928 2733 1962 2739 —

296 2767 383 2793 anime
401 2775 448 2792 sue
466 2776 483 2792 a
501 2767 612 2793 Nicolao
636 2767 671 2792 T
667 2768 736 2800 pl
771 2776 821 2794 ενοι
814 2769 876 2801 ἔρια.
965 2766 988 2800 ε)
1006 2769 1045 2792 Ι)ΙΙ
1065 2781 1097 2785 -
1115 2767 1212 2792 Christi
1231 2766 1317 2791 colore
1334 2764 1414 2790 viridi
1430 2764 1535 2797 scripta.

404 2836 424 2868 ¹)
444 2834 557 2861 Nicolao
578 2834 686 2868 Topku·
678 2835 705 2861 zi.
