2150 3178
892 711 1355 772 MONUMEN
1360 712 1474 771 TA

510 807 627 866 NE
639 807 1144 868 CROLOGIGA
1190 807 1859 869 GOTTVICENSIA.

456 941 713 988 Monasterium
738 954 949 993 Gottvicense,
977 954 1065 996 vulqo
1094 953 1247 996 Gb'ttweiy
1273 957 1510 995 nuncupatum,
1540 965 1562 987 a
1588 965 1613 987 s.
1632 953 1807 988 Altmanno
1829 955 2017 989 Pataviensi

351 1006 494 1046 episcopo
517 1006 603 1038 circa
625 1017 748 1039 annum
763 1005 906 1038 MLXX
922 1005 1102 1048 fundatum
1125 1009 1186 1045 est,-
1209 1016 1239 1039 a.
1253 1007 1340 1039 1072
1354 1006 1483 1039 ecclesia
1498 1017 1522 1039 s.
1539 1006 1732 1039 Erintrudis
1753 1007 1790 1040 in
1805 1010 1907 1041 monte
1925 1007 2015 1041 Gott-

351 1058 468 1090 vicensi
497 1059 562 1090 iam
591 1059 631 1091 ab
660 1069 694 1091 eo
716 1061 899 1091 consecrata
926 1061 980 1091 est.
1032 1058 1205 1091 Fundator
1230 1059 1268 1091 in
1289 1059 1479 1091 monasterio
1501 1061 1674 1098 exstructo,
1705 1059 1799 1092 cuius
1820 1059 1915 1098 bona,
1944 1070 2016 1093 cum

351 1119 437 1141 anno
453 1110 538 1142 1083
555 1110 714 1143 ecclesiam
730 1121 755 1143 s.
768 1110 900 1143 Mariae
917 1110 1028 1143 ibidem
1043 1113 1248 1150 consecraret,
1271 1108 1414 1143 sollemni
1428 1110 1602 1144 traditione
1616 1111 1824 1151 confirmavit,
1847 1112 2016 1146 canonicos

346 1162 490 1202 primum
520 1162 681 1203 requlares
710 1162 883 1195 secundum
912 1161 1054 1203 requiam
1082 1173 1108 1194 s.
1129 1162 1308 1203 Auqustini
1334 1162 1524 1202 installavit‚
1554 1163 1596 1202 cf.
1619 1173 1701 1204 quae
1729 1163 1768 1196 de
1795 1164 2017 1197 vetustissimis

352 1213 473 1245 chartis
498 1215 683 1247 monasterii
708 1214 918 1247 Gottvicensis
939 1225 966 1247 v.
983 1214 1014 1247 d.
1034 1214 1134 1247 Oscar
1162 1214 1240 1247 liber
1266 1214 1341 1247 baro
1370 1214 1408 1247 de
1429 1213 1527 1247 Mitis
1549 1214 1701 1256 (Studien
1721 1225 1748 1248 e.
1764 1215 1884 1249 diteren
1905 1218 2015 1250 (istm.

358 1264 644 1305 Urkundenwesem
671 1267 703 1299 2.
719 1277 750 1299 u.
767 1267 797 1298 3.
814 1265 895 1308 Heft
916 1267 1138 1310 p.177—90)
1168 1269 1198 1298 et
1223 1276 1276 1308 eqo
1305 1266 1487 1307 (Jahrbuch
1515 1267 1539 1306 f.
1559 1266 1794 1300 Landeskunde
1818 1277 1879 1301 von
1903 1268 2014 1301 Med.-

356 1316 488 1350 Oesterr.
505 1317 568 1356 IX,
580 1320 602 1349 3
612 1319 694 1360 sqq.)
708 1318 927 1351 disseruimus.
964 1319 1061 1352 Anno
1076 1318 1189 1352 deinde
1201 1319 1286 1350 1094
1306 1318 1478 1352 Udalricus
1490 1318 1692 1352 Pataviensis
1706 1320 1878 1361 episcopus,
1892 1321 2015 1360 sunda-

352 1370 432 1402 toris
449 1380 616 1410 successor,
640 1370 843 1411 disciplinam
863 1371 900 1403 in
918 1372 1057 1404 canonia
1075 1370 1246 1412 collapsam
1266 1370 1434 1403 monachos
1452 1370 1487 1404 0.
1504 1371 1539 1404 S.
1554 1370 1598 1404 Β.
1614 1382 1630 1404 e
1651 1372 1842 1405 monasterio
1864 1382 1890 1405 s.
1905 1371 2016 1406 Buzsii

351 1421 388 1453 in
403 1421 493 1454 Silva
508 1422 613 1463 Niqra
635 1422 696 1455 sito
718 1423 909 1461 reformatae
931 1422 1139 1455 observationi
1152 1422 1404 1455 Fructuariensi
1425 1422 1568 1455 addictos
1589 1423 1795 1456 introducens
1808 1425 2014 1458 restauravit.

355 1473 423 1513 Quo
453 1484 492 1505 ex
519 1476 654 1514 tempore
681 1473 854 1514 disciplina
884 1475 1061 1507 monastica
1091 1475 1128 1507 in
1156 1475 1348 1507 monasterio
1376 1474 1470 1507 iuxta
1499 1473 1639 1515 rcqulam
1666 1485 1692 1508 s.
1711 1475 1880 1512 Benedicti
1906 1476 2015 1518 viquit.

355 1525 404 1564 Cf.
420 1525 527 1558 Neues
549 1526 670 1558 Archiv
691 1525 834 1565 XXXV,
851 1528 924 1558 746.

458 1578 487 1609 1.
518 1578 733 1619 Necroloqii
765 1579 1017 1611 vetustissimi
1048 1579 1271 1612 monachorum
1305 1578 1554 1612 Gottvicensium
1582 1579 1768 1621 fragmenta
1800 1579 1890 1612 haud
1922 1580 2016 1614 dubie

352 1629 476 1662 duobus
501 1630 537 1662 in
563 1629 651 1669 foliis
673 1630 919 1663 membranaceis
940 1631 1156 1670 continentur,
1184 1641 1266 1672 quae
1288 1641 1310 1663 a
1331 1631 1517 1671 tequmentis
1538 1630 1691 1664 librorum
1712 1630 1851 1664 resoluta
1872 1641 1959 1664 nunc
1981 1632 2016 1665 in

352 1682 537 1714 monasterii
559 1681 753 1714 Mellicensis
776 1681 934 1715 tabuuzrio
956 1686 1163 1716 asservantur
1184 1693 1327 1724 quaeque
1345 1686 1476 1724 propter
1497 1685 1693 1716 mortuorum
1715 1683 1846 1716 nomina
1868 1683 2016 1724 specifica

352 1733 542 1766 monasterio
567 1733 760 1765 Gottvicensi
786 1734 941 1766 ascribere
967 1745 1032 1766 non
1059 1745 1173 1769 vereor.
1227 1735 1307 1767 Cum
1335 1738 1443 1767 autem
1469 1735 1526 1767 hoc
1547 1735 1772 1776 necroloqium,
1802 1738 1839 1767 ut
1865 1746 1906 1768 ex
1931 1736 2016 1769 notis

352 1786 592 1826 scripturaeque
614 1785 759 1826 apicibus
780 1786 882 1827 colliqi
897 1789 1015 1827 potest,
1044 1797 1126 1819 saec.
1143 1787 1194 1820 12.
1218 1787 1318 1820 medio
1341 1787 1545 1828 compositum
1570 1787 1614 1819 sit
1640 1797 1678 1820 ac
1698 1789 1791 1820 notae
1813 1787 1853 1820 ab
1874 1787 2016 1820 auctoris

352 1848 453 1869 manu
475 1837 648 1878 inscriptae
669 1838 848 1878 frequentes
870 1841 1051 1878 occurrant,
1074 1841 1236 1872 auctorem
1257 1839 1324 1871 iam
1346 1849 1386 1871 ex
1406 1838 1578 1880 necroloqio
1594 1839 1716 1880 priore,
1738 1839 1823 1880 quod
1844 1839 1908 1872 sive
1929 1849 2015 1872 mar-

353 1889 502 1931 tyroloqio
523 1889 588 1921 sive
610 1888 792 1922 calendario
815 1889 916 1922 alicui
937 1901 1025 1923 nunc
1043 1891 1160 1923 amisso
1180 1891 1360 1931 appositum
1380 1894 1458 1929 erat,
1480 1891 1626 1923 hausisse
1644 1890 1741 1930 facile
1759 1890 1893 1932 intelliqi
1901 1894 2015 1932 potest.

356 1941 443 1982 Quae
463 1941 643 1982 fraqmenta
659 1941 789 1981 primus
810 1941 848 1975 P.
865 1942 1015 1983 anatius
1034 1942 1218 1984 Keiblinqer
1244 1943 1295 1975 vir
1324 1942 1361 1975 cl.
1381 1942 1584 1984 (Geschichte
1606 1942 1660 1975 des
1681 1942 2018 1986 Benediktinerstiftes

353 1993 442 2025 Melle
464 1993 493 2032 I,
510 1993 750 2032 1163—1165),
772 1994 918 2034 quamvis
938 2005 1000 2035 quo
1022 1995 1189 2035 reserenda
1210 1997 1311 2027 essent
1332 2005 1397 2027 non
1418 1994 1616 2036 intelleyeret‚
1638 1994 1761 2035 publici
1782 1995 1866 2027 iuris
1887 1996 1971 2035 [ecit.

457 2044 561 2077 Notas
587 2045 729 2077 auctoris
754 2056 855 2078 manu
881 2046 1056 2087 descriptas
1082 2047 1168 2089 typis
1196 2047 1383 2085 maioribus,
1413 2047 1667 2079 continuationes
1691 2057 1771 2079 saec.
1788 2046 1839 2079 12.
1863 2047 2017 2087 exeuntis,

357 2097 450 2129 cuius
473 2097 586 2129 limina
607 2100 700 2130 notae
722 2107 786 2130 non
809 2098 971 2137 excedunt,
995 2098 1110 2131 litteris
1132 2099 1307 2131 maioribus
1328 2099 1420 2131 uncis
1441 2099 1575 2132 inclusis
1597 2099 1744 2131 distinxi.

457 2150 488 2181 2.
515 2149 553 2181 N
554 2149 714 2190 ecroloqi
719 2160 822 2182 orum
845 2150 944 2182 huius
965 2151 1150 2183 monasterii
1166 2153 1305 2183 veterum
1319 2153 1522 2183 monumenta
1532 2153 1662 2191 praeter
1677 2151 1896 2192 antiquissimi
1911 2161 2018 2184 necro-

355 2200 429 2242 loyii
455 2202 636 2242 fraymenta
663 2202 790 2234 omnino
815 2202 883 2242 fere
911 2202 1120 2243 deperierunt.
1172 2202 1293 2235 Exstat
1321 2205 1448 2235 tantum
1475 2203 1613 2235 recensio
1641 2203 1711 2235 eius
1740 2212 1822 2235 nova
1849 2203 1886 2235 in
1914 2202 2018 2236 codice

354 2253 598 2292 membranaceo,
621 2264 712 2294 quem
734 2264 820 2286 anno
842 2254 967 2286 circiter
985 2255 1070 2286 1500
1092 2255 1266 2287 monachus
1280 2254 1406 2295 quidem
1424 2254 1635 2287 Gottvicensis
1656 2255 1692 2286 in
1714 2254 1901 2287 monialium
1922 2254 2016 2287 iuxta

353 2304 494 2346 requiam
523 2316 549 2336 s.
565 2305 735 2337 Benedicti
760 2306 796 2338 in
823 2309 974 2338 conventu
1000 2306 1194 2339 Gottvicensi
1220 2307 1474 2340 conversantium
1501 2317 1596 2339 usum
1618 2307 1768 2346 conficere
1789 2307 1904 2347 coepit;
1934 2306 2019 2347 quod

356 2367 435 2397 opus
457 2357 507 2388 die
528 2356 630 2389 XIII.
647 2356 710 2389 kal.
726 2357 833 2399 April.
850 2358 931 2390 anni
950 2359 1035 2390 1505
1058 2359 1103 2390 ad
1123 2359 1218 2399 linem
1234 2359 1425 2399 perductum
1446 2358 1637 2391 monialibus
1658 2358 1694 2390 in
1711 2357 1851 2400 profesto
1872 2368 1898 2390 s.
1913 2357 2018 2390 Bene-

354 2409 433 2440 dicti
455 2408 535 2440 dono
558 2408 668 2440 datum
691 2411 745 2441 est.
791 2409 882 2442 Haec
896 2410 1006 2450 primo
1027 2411 1158 2442 nomina
1180 2410 1403 2443 monachorum
1429 2413 1459 2443 et
1481 2410 1645 2450 laicorum,
1672 2409 1808 2442 secundo
1830 2409 2018 2442 monialium

355 2463 384 2493 et
411 2459 568 2492 laicarum
597 2461 632 2492 in
661 2461 788 2492 duabus
809 2461 963 2493 columnis
984 2462 1158 2502 separatim
1185 2472 1224 2494 ex
1245 2462 1425 2503 antiquiore
1447 2462 1550 2495 codice
1572 2461 1769 2501 transcripta
1790 2461 1920 2493 exhibet.
1965 2461 2018 2493 Ab

355 2512 411 2544 hoc
438 2512 489 2544 die
514 2514 710 2544 mortuorum
737 2513 867 2545 nomina
893 2513 974 2545 serie
996 2514 1147 2546 continua
1169 2514 1326 2554 inscripta
1347 2516 1433 2546 sunt.
1481 2514 1568 2554 Quae
1588 2513 1740 2552 recensio,
1769 2523 1842 2550 cum
1864 2512 2017 2545 moniales

358 2563 571 2596 Gottvicenses
589 2563 623 2596 O.
639 2563 674 2596 S.
691 2564 734 2596 B.
751 2575 857 2596 rerum
880 2565 916 2597 ob
934 2565 1107 2604 penuriam
1130 2565 1166 2597 in
1187 2565 1375 2598 monialium
1395 2566 1488 2597 iuxta
1509 2565 1650 2606 requiam
1664 2575 1690 2597 s.
1705 2564 1892 2597 Bernhardi
1907 2564 2017 2605 deqen-

356 2617 436 2648 tium
464 2616 690 2648 monasterium
717 2616 761 2648 ad
783 2617 817 2650 S.
834 2616 1063 2648 Bernhardum
1090 2617 1141 2649 die
1162 2617 1232 2649 III.
1249 2627 1323 2649 non.
1339 2617 1429 2649 Maii
1451 2627 1481 2650 a.
1499 2617 1585 2649 1557
1607 2617 1881 2658 transmigrarint,
1910 2616 1950 2648 ab
1972 2616 2018 2648 eis

355 2678 389 2700 eo
412 2668 548 2700 deducta
571 2671 616 2700 est
638 2671 667 2701 et
689 2668 743 2701 illo
765 2669 955 2701 monaster-io
977 2679 1008 2702 a.
1025 2669 1111 2700 1586
1129 2669 1320 2701 monialibus
1341 2669 1559 2709 deficientibus
1580 2668 1704 2701 sublato
1725 2668 1771 2701 ad
1790 2668 2017 2701 monasterium

356 2720 479 2751 ordinis
501 2730 526 2751 s.
542 2720 707 2753 Benedicti
721 2721 967 2762 Altenburyense
983 2721 1130 2761 prozime
1151 2721 1249 2752 situm
1271 2720 1376 2752 delata
1399 2723 1453 2759 est,
1476 2721 1513 2752 in
1535 2721 1628 2752 cuius
1650 2719 1832 2753 bibliotheca
1853 2730 1952 2760 usque
1974 2719 2018 2752 ad

355 2770 412 2803 hoc
428 2774 549 2811 tempus
563 2772 621 2804 sub
636 2773 805 2813 siqnatura
822 2772 898 2811 VII,
911 2773 975 2804 183
989 2775 1180 2805 asservatur.
1222 2773 1308 2813 Quae
1323 2773 1460 2805 recensio
1477 2773 1593 2805 rectius
1607 2771 1814 2813 necroloyium
1829 2771 2017 2806 monialium

303 2846 305 2848 -
359 2822 607 2855 Gottvicensium
629 2825 823 2856 nominatur.
