2150 3178
301 174 527 202 FRAGMENTA
544 173 765 202 NECROLOGII
783 173 1045 202 MONACHORUM
1063 171 1364 200 GOTTVICENSIUM
1381 172 1641 203 ANTIQUISSIMI.
1732 177 1794 207 449

254 261 357 294 Codex
378 260 495 293 nostris
517 260 705 300 temporibus
726 260 855 292 mutilus
880 270 959 292 saec.
977 259 1028 291 18.
1049 258 1154 290 adhuc
1176 257 1340 290 incolumis
1367 261 1448 297 erat,
1477 259 1513 290 id
1534 259 1618 299 quod
1638 260 1734 292 codex
1763 261 1796 293 in

146 312 326 345 bibliotheca
343 312 535 344 Gottvicensi
556 314 738 343 asservatus
752 311 937 343 chartaceus
956 311 1000 341 29
1016 313 1158 349 testatur,
1181 310 1237 350 qui
1251 310 1459 351 necroloqium
1474 311 1631 350 inteyrum
1646 322 1724 343 saec.
1743 313 1794 345 18.

145 364 182 395 in
196 363 384 396 monasterio
402 362 593 395 Gottvicensi
607 363 836 402 transcriptum
857 363 994 395 continet
1014 361 1164 402 hodieque
1181 361 1315 404 profert,
1339 372 1410 394 cum
1427 362 1522 394 codex
1536 362 1796 404 Altenburqensis

145 414 233 454 foliis
260 415 431 446 118-120
459 414 590 446 exsectis
616 424 703 445 nunc
731 413 897 445 mutilatus
924 414 979 452 sit,
1013 414 1049 447 in
1076 413 1190 454 quibus
1218 412 1384 453 necroloqii
1411 423 1490 453 pars
1518 425 1539 445 a
1568 414 1711 446 kalendis
1738 415 1795 446 Ia-

145 466 258 498 nuarii
278 476 377 506 usque
398 465 443 497 ad
463 465 545 497 diem
567 464 623 497 VI.
645 465 719 497 idus
740 465 829 497 Maii
850 465 1076 497 continebatur.
1125 465 1267 498 Codicem
1288 465 1578 506 Altenburqensem,
1606 467 1662 506 qui
1685 469 1795 498 cetero-

145 517 224 558 quin
238 517 274 549 in
289 516 376 556 foliis
391 516 475 548 1-5
490 516 707 548 calendarium
722 517 925 555 Gottvicense,
948 517 984 548 in
998 516 1086 556 foliis
1101 517 1185 548 7-8
1199 516 1493 549 anniversariorum
1509 517 1634 549 tabulas
1649 518 1794 557 continet,

124 582 128 585 ’
147 571 177 600 et
197 578 288 608 quem
310 568 440 600 breviter
462 568 596 600 codicem
617 568 650 600 A
672 568 806 608 desiqno,
833 568 888 600 hoc
910 569 947 600 in
968 578 1057 608 opere
1074 568 1275 608 potissimum
1295 571 1420 600 secutus
1441 579 1520 600 sum.
1565 569 1652 602 Eam
1667 573 1796 610 partem

147 629 226 658 vero,
249 630 329 660 quae
351 620 387 651 ob
406 619 633 652 mutilationem
652 619 766 659 deficit,
789 630 827 651 ex
846 620 949 651 codice
968 619 1166 652 bibliothecae
1183 620 1393 652 Gottvicensis
1406 620 1449 650 29
1465 620 1628 652 chartaceo
1646 631 1726 655 saec,
1744 622 1795 654 18.

146 681 185 703 ex
199 671 232 703 A
248 671 575 712 transscripta-quem
595 671 729 703 codicem
744 670 778 702 B
792 671 927 709 nomino,
950 671 1076 711 explevi,
1098 672 1135 703 in
1151 681 1212 711 quo
1226 672 1356 703 nomina
1365 674 1439 711 post
1453 682 1576 704 annum
1590 672 1704 705 MDV
1714 673 1750 704 in
1764 673 1796 704 A

146 723 302 763 inscripta
324 722 409 755 linea
429 723 536 755 subter
550 723 661 762 posita
681 725 792 755 notata
814 725 899 754 sunt.

249 774 508 814 Necroloqium
529 774 749 806 monialium
775 773 1019 806 Gottvicensium
1049 775 1115 806 iam
1136 785 1167 806 a.
1185 775 1270 805 1902
1292 785 1348 806 ceu
1371 775 1621 807 additamentum
1643 776 1797 816 (‚‚Fontes

148 835 255 857 rerum
276 825 545 857 Austriacarum“
565 825 637 864 LV,
653 826 717 857 849
731 826 812 866 sqq.)
835 826 964 865 primus
990 836 1086 865 quam
1108 826 1346 858 accuratissime
1369 827 1404 858 m
1426 826 1525 858 lucem
1547 827 1633 859 edidi
1655 838 1694 859 ae
1716 838 1796 859 com-

146 876 301 908 mentario
323 877 431 909 critico
453 877 604 908 instruxi.
643 876 746 909 Notas
759 876 967 918 necroloqicas
981 888 1079 918 usque
1099 878 1143 909 ad
1156 888 1279 909 annum
1294 878 1378 909 1505
1402 878 1437 910 in
1459 878 1562 910 codice
1576 879 1608 910 A
1624 879 1796 919 inscriptas

147 927 261 959 litteris
282 927 462 966 maioribus,
483 930 576 960 notas
596 938 666 960 vero
688 929 903 969 subsequentis
921 929 1066 969 temporis
1087 929 1185 961 codici
1200 930 1232 960 A
1252 930 1415 971 appositas
1437 933 1466 962 et
1480 933 1609 970 partem
1631 931 1798 972 necroloqii

146 989 185 1011 ea:
213 979 315 1012 codice
342 979 376 1011 B
402 980 577 1020 suppletam
605 979 719 1012 litteris
747 980 798 1011 hic
826 979 1066 1021 distinyuendas
1094 981 1205 1012 curavi
1232 982 1374 1013 minutis.
1431 981 1601 1014 Columnae
1629 983 1797 1023 utriusque

126 1035 129 1038 '
146 1030 256 1063 titulos
277 1031 366 1072 siylis
387 1033 417 1063 1.
440 1031 561 1066 MLI.
578 1032 746 1073 (monachi,
770 1031 869 1073 laici),
892 1032 922 1064 2.
946 1032 978 1065 S.
991 1031 1061 1064 LE.
1079 1038 1221 1073 (sorore8‚
1246 1033 1361 1075 laicae)
1384 1034 1546 1073 exscripsi.

252 1083 282 1114 3.
312 1084 591 1115 Anniversaria
612 1083 831 1116 monialium
856 1084 1103 1117 Gottvicensium
1125 1095 1164 1116 ea·
1186 1085 1289 1116 eodem
1312 1085 1414 1116 codice
1436 1085 1477 1123 A,
1506 1095 1567 1125 quo
1589 1085 1797 1126 necroloqium

146 1134 333 1167 monialium
359 1134 604 1167 Gottvicensiwm
628 1136 684 1176 (cf.
701 1137 747 1178 1.)
772 1136 808 1167 in
831 1135 918 1175 foliis
942 1137 961 1167 7
983 1139 1013 1168 et
1034 1137 1055 1167 8
1078 1137 1290 1174 continentur,
1320 1137 1385 1168 iam
1412 1147 1433 1168 a
1455 1136 1494 1168 P.
1510 1137 1677 1170 Friderico
1699 1138 1796 1176 Endl,

147 1187 273 1218 custode
295 1186 449 1219 tabularii
470 1188 654 1220 monasterii
675 1188 934 1228 Altenburqensis
955 1188 1068 1228 optime
1090 1189 1199 1220 merito
1226 1188 1377 1229 (Studien
1400 1190 1468 1221 und
1489 1189 1715 1230 Mitteilunyen
1737 1200 1798 1221 aus

147 1238 216 1270 dem
237 1238 480 1271 Benedilctiner-
502 1240 572 1271 und
596 1239 938 1272 Oistercienser-Orden
960 1239 1055 1279 XIX,
1071 1240 1135 1271 268
1149 1242 1239 1281 sqq),
1263 1243 1292 1272 et
1313 1251 1335 1272 a
1357 1252 1403 1273 me
1425 1242 1493 1283 ipso
1517 1242 1669 1282 („Fontes
1691 1252 1797 1273 rerum

147 1290 416 1323 Austriacarum“
430 1290 502 1329 LV,
518 1291 581 1323 954
595 1293 675 1333 sqq.)
695 1294 842 1324 accurate
864 1292 900 1323 in
914 1291 1080 1332 publicum
1102 1292 1188 1324 edita
1209 1295 1293 1324 sunt.
1342 1293 1429 1333 Quae
1452 1293 1566 1325 litteris
1589 1293 1797 1333 imprimenda

147 1342 260 1373 curavi
281 1342 462 1374 maioribus.

252 1393 520 1426 Reverendissimo
542 1395 667 1427 domino
689 1394 859 1428 Adalberto
881 1395 1022 1436 Dunqel,
1050 1396 1157 1428 abbati
1179 1396 1362 1428 monasterii
1387 1397 1597 1429 Gottvicensis
1618 1396 1797 1435 venerabili,

147 1454 186 1476 ac
201 1444 228 1476 b.
241 1455 281 1476 -m,
294 1444 332 1477 P.
349 1445 577 1478 Oarolomanno
592 1446 630 1478 de
645 1446 806 1487 Schillinq,
829 1447 987 1487 quondam
1001 1447 1159 1487 sulmriori
1172 1457 1210 1478 ac
1226 1447 1423 1480 bibliothecae
1441 1448 1649 1480 Gottvicensis
1664 1449 1796 1487 custodi,

147 1496 205 1536 qui
227 1496 329 1529 codice
351 1496 518 1538 necroloyii
539 1497 726 1530 monialium
747 1499 858 1530 utendi
877 1498 1036 1531 licentiam
1056 1499 1184 1531 libenter
1203 1499 1282 1531 mihi
1289 1499 1514 1539 permiserunt,
1538 1500 1633 1532 etiam
1655 1500 1710 1532 hoc
1733 1499 1796 1532 loco

145 1547 269 1588 qratias
290 1547 359 1580 dico
381 1548 508 1581 debitas.

251 1599 311 1631 Ius
327 1599 442 1640 fasque
463 1601 515 1639 sit,
538 1603 575 1632 ut
591 1601 846 1634 reverendissimo
861 1602 985 1634 domino
999 1601 1184 1634 Alemandro
1198 1602 1293 1640 Karl,
1317 1603 1501 1635 monasterii
1515 1603 1710 1635 Mellicensis
1725 1604 1798 1636 olim

147 1651 255 1682 abbati
276 1651 452 1691 venerabili,
474 1652 601 1692 viroque
615 1652 799 1692 clarissimo,
822 1653 941 1685 doctori
956 1653 993 1686 P.
1007 1653 1162 1686 Eduardo
1177 1653 1412 1693 Katschthaler,
1435 1654 1590 1686 tabularii
1604 1654 1798 1687 Mellicensis

149 1702 284 1741 custodi,
313 1703 370 1743 qui
390 1713 484 1735 usum
506 1703 754 1744 fraqmentorum
775 1705 898 1737 Mellici
919 1705 1049 1738 libenter
1070 1705 1149 1737 mihi
1171 1709 1396 1745 concesserunt,
1426 1706 1540 1738 iterum
1560 1707 1685 1746 qratias
1707 1717 1798 1747 aqam

148 1754 276 1786 debitas.

506 1862 536 1898 1.
570 1853 990 1901 FRAGMENTA
1017 1854 1446 1903 NECROLOGII

174 1924 660 1974 MONAGHORUM
691 1927 1252 1975 GOTTVICENSIUM
1279 1928 1770 1983 ANTIQUISSIMI.

824 2039 1116 2076 SEPTEMBER.

162 2113 186 2142 7.
241 2113 352 2141 V11.id.
404 2110 606 2154 Oudalricus,
628 2112 723 2154 Poto,
743 2113 896 2156 Roudolf,
913 2114 942 2146 li.
980 2114 1223 2156 Engilschalcus
1239 2114 1280 2147 de
1298 2114 1479 2146 Chuoliube
1503 2115 1513 2146 l
1531 2138 1663 2147 ......
1680 2115 1757 2157 un⁸)
1777 2115 1797 2147 l.

455 2163 670 2196 Pezimannus
683 2165 757 2197 abb.
770 2170 799 2196 ΒΘ
811 2165 955 2208 Marie.²)
986 2165 1200 2198 Adalhalmus
1215 2166 1285 2208 pbr.
1317 2166 1511 2208 Walahoun,
1528 2166 1628 2208 Math,
1645 2166 1675 2207 11,
1692 2166 1746 2198 fr⁹⁸
1758 2167 1797 2198 n¹.

161 2216 186 2244 8.
258 2216 305 2244 VI.
319 2216 355 2244 id.
404 2214 562 2246 Martinus
577 2216 610 2256 l.‚
626 2216 663 2248 fr.
676 2227 706 2248 n.
741 2215 908 2259 [Martinus
924 2217 944 2249 l.
958 2217 1008 2249 ob.
1045 2217 1106 2249 Ob.
1121 2216 1304 2259 Gounigunt
1319 2217 1381 2250 m¹¹³
1397 2218 1438 2250 de
1450 2218 1537 2250 Erla.
1572 2217 1797 2261 (M)eginrat¹>)

457 2277 503 2298 cv.
519 2278 549 2299 n.
567 2277 593 2299 c.
637 2267 806 2300 Elisabeth
828 2268 854 2299 1⁸
877 2268 943 2311 ob.]

161 2319 187 2348 9.
266 2320 300 2348 V.
313 2321 352 2348 id.
403 2317 603 2360 Engilworth
625 2319 695 2362 pbr.
713 2323 746 2352 et
768 2331 810 2352 m.
855 2320 976 2352 Richer
999 2331 1045 2352 ov.
1090 2320 1257 2363 Engilram
1273 2320 1305 2362 l.‚
1330 2321 1366 2352 fr.
1384 2332 1413 2352 n.
1459 2320 1631 2353 Heinricus
1654 2332 1734 2363 puer
1757 2322 1797 2354 de

455 2369 680 2413 Minnenpach.
724 2371 905 2414 Diepoldus
927 2372 948 2404 l.
966 2372 1017 2404 ob.
1064 2371 1230 2415 [Adelheit
1252 2371 1337 2414 m¹¹⁵.]

149 2421 190 2450 10.
257 2422 305 2451 IV.
318 2423 355 2451 id.
406 2421 523 2453 Maeeil
550 2432 596 2454 cv.
613 2433 643 2454 n.
661 2434 686 2455 0.
731 2423 853 2456 Richilt
875 2424 910 2465 1³,
939 2434 1000 2455 sor.
1018 2435 1048 2455 n.
1095 2423 1286 2456 Oudalricus
1312 2424 1348 2465 l.‚
1378 2423 1414 2455 fr.
1432 2435 1461 2456 n.
1508 2423 1701 2466 [Roudolfus
1728 2424 1797 2466 pbr.

457 2476 490 2504 et
511 2473 568 2516 m.]

149 2525 190 2553 11.
256 2525 303 2552 111.
317 2526 354 2554 id.
406 2523 575 2566 Wergant,
599 2525 688 2565 Otto,
712 2525 886 2569 Ohounrat,
910 2527 929 2558 1¹
946 2527 1052 2559 occisi.
1091 2527 1258 2560 Adalbero
1274 2527 1294 2558 1.
1335 2520 1626 2569 (R)eginhardus²)
1642 2527 1663 2558 l.
1703 2526 1797 2559 Diet-

456 2577 598 2619 marus0)
620 2578 641 2609 l.
659 2577 710 2610 ob.
756 2577 984 2621 [Ekkehardus
1007 2579 1077 2621 pbr.
1095 2582 1128 2611 et
1149 2590 1191 2610 m.
1236 2578 1364 2610 Marcus
1387 2577 1568 2620 regularia]

251 2682 275 2715 ³)
294 2682 371 2709 Folio
395 2684 510 2710 mutilato
533 2693 625 2710 nomen
648 2695 701 2712 non
719 2687 797 2718 plene
820 2687 941 2719 ecriplam
964 2691 1080 2719 apparet.
1108 2679 1112 2685 ⁴
1185 2686 1210 2719 ἲ))
1228 2688 1255 2712 M
1274 2687 1396 2719 eupplem'.
1503 2684 1526 2718 c)
1544 2686 1614 2711 Nota
1632 2694 1709 2718 super
1728 2686 1798 2712 linea

149 2726 267 2758 appoeim
285 2730 350 2751 certe
368 2726 417 2759 leyi
432 2727 525 2759 nequit.

254 2793 273 2826 ¹)
292 2792 478 2821 Lambaeensis
495 2794 533 2822 ob.
546 2804 571 2822 a.
585 2799 655 2823 1100.

253 2843 337 2871 Nzcn.
350 2843 456 2872 PAuv.
1556 2847 1589 2874 57
