2150 3178
888 740 1089 801 MON
1091 741 1350 801 UMEN
1353 741 1467 801 TA

514 834 1154 896 NECROLOGICA
1197 835 1844 897 GEMNICENSIA.

448 979 702 1026 Monachorum
721 1002 747 1024 s.
763 990 931 1024 Brunonis
947 990 1089 1032 requiam
1097 992 1316 1032 professorum
1331 991 1513 1024 carthusiae
1527 990 1754 1030 Gemnicensis,
1768 990 1859 1033 vulqo
1873 990 2013 1034 Gaminq

346 1047 561 1085 nuncupatae,
590 1044 684 1076 cuius
702 1043 930 1086 fundationem
952 1043 1104 1076 Albertus
1126 1043 1177 1076 ΙΙ.
1198 1043 1355 1076 Austriae
1377 1043 1445 1076 dux
1466 1042 1589 1076 illustri
1609 1053 1649 1075 ex
1669 1043 1768 1084 stirpe
1789 1042 2013 1086 Habsburqica

344 1098 473 1129 exortus
494 1097 562 1128 iam
583 1106 615 1127 a.
633 1095 720 1127 1330
740 1094 870 1128 molitus
891 1097 946 1134 est,
968 1095 1063 1128 cuius
1077 1095 1224 1135 aedificio
1239 1095 1430 1128 exstruendo
1444 1104 1476 1127 a.
1492 1095 1579 1127 1332
1593 1094 1730 1136 lapidem
1738 1094 1883 1136 primum
1890 1095 2013 1136 posuit,

344 1159 486 1190 quaeque
508 1158 539 1180 a.
553 1148 640 1179 1342
661 1149 846 1180 consecrata
868 1157 899 1179 a.
913 1147 999 1178 1358
1013 1147 1138 1179 demum
1158 1147 1203 1179 ad
1215 1147 1312 1187 finem
1326 1147 1468 1180 adducta
1482 1149 1537 1186 est,
1559 1147 1652 1196 varia
1666 1146 1723 1179 hoc
1738 1149 1865 1179 eoestamt
1879 1149 2015 1188 tempore

348 1202 551 1233 monumenta
566 1198 768 1240 necmloqica,
783 1209 866 1240 quae
880 1198 932 1231 hic
946 1198 1086 1239 primum
1098 1198 1221 1240 publici
1234 1199 1319 1240 fiunt
1332 1199 1426 1231 iuris.
1460 1198 1512 1241 Cf.
1529 1198 1636 1232 Neues
1649 1198 1771 1231 Archiv
1781 1197 1884 1231 XXX
1890 1198 1925 1238 V,
1940 1198 2014 1232 7⁶2.

455 1254 484 1284 1.
515 1251 737 1292 Necroloyium
760 1250 898 1284 eiusdem
921 1250 1104 1284 carthusiae
1123 1251 1242 1284 codicis
1257 1251 1368 1284 12811
1384 1251 1518 1284 minoris
1536 1250 1659 1291 formae
1673 1250 1831 1284 chartacei
1852 1251 1888 1283 in
1906 1249 2015 1284 biblio-

348 1304 435 1336 thcca
458 1314 606 1336 caesarea
636 1302 869 1336 Vindobonensi
890 1303 1022 1344 repositi
1048 1302 1135 1345 folia
1158 1303 1361 1335 13912-144
1383 1303 1559 1342 continent,
1587 1302 1673 1344 quod
1696 1302 1889 1336 Guilielmus
1910 1302 2015 1343 Hofer

346 1356 384 1388 de
412 1355 615 1388 Lantehueta
637 1354 852 1397 (Landshut),
881 1356 918 1386 ut
943 1355 1011 1395 ipse
1038 1357 1202 1396 tamquam
1229 1354 1328 1387 huius
1357 1354 1433 1388 libri
1458 1354 1644 1397 compilator
1671 1355 1708 1387 in
1736 1354 1813 1396 folio
1841 1357 2015 1397 teyumento

347 1407 494 1440 ulteriori
525 1407 725 1449 aqylutinato
753 1406 881 1446 asserit,
912 1406 999 1439 circa
1027 1416 1058 1439 a.
1084 1407 1170 1438 1480
1203 1407 1289 1439 notis
1315 1417 1332 1440 e
1359 1406 1532 1448 necroloqio
1560 1406 1697 1448 quodam
1728 1406 1896 1440 vetustiore
1928 1417 2016 1440 nunc

348 1461 466 1492 amisso
488 1461 547 1492 aut
569 1459 685 1492 latente
701 1458 893 1500 depromptis
909 1458 1065 1500 plurimis
1079 1459 1222 1491 instituit
1243 1459 1387 1500 quodque
1408 1469 1431 1491 a
1452 1458 1615 1492 nonnuais
1629 1458 1764 1492 ulterius
1779 1458 1948 1491 deductum
1969 1461 2016 1492 est

348 1512 555 1544 librariorum
582 1511 738 1544 manibus.
791 1510 862 1543 Hoc
888 1510 1113 1552 necroloyium,
1144 1521 1216 1543 cum
1241 1510 1375 1553 folium,
1402 1511 1439 1543 in
1464 1521 1526 1556 quo
1553 1521 1673 1544 menses
1694 1509 1822 1552 Aprilis
1849 1513 1880 1544 et
1900 1510 2016 1544 Maius

348 1564 499 1605 inscripti
520 1566 626 1602 erant,
656 1562 797 1596 evulsum
823 1563 880 1602 sit,
909 1573 949 1595 ex
967 1565 1065 1603 parte
1091 1562 1239 1595 mutilum
1269 1565 1324 1595 est.
1378 1561 1458 1596 Oum
1479 1563 1566 1596 omni
1591 1573 1647 1604 ope
1673 1565 1768 1604 atque
1790 1573 1885 1604 opera
1907 1563 2017 1596 enisus

348 1616 424 1655 sim,
455 1619 492 1648 ut
514 1615 657 1648 auctoris
678 1624 811 1647 manum
833 1614 936 1655 primi
964 1614 1005 1647 ab
1027 1614 1104 1647 aliis
1125 1625 1206 1647 saec.
1224 1615 1274 1647 15.
1292 1614 1499 1648 librariorum
1520 1615 1668 1648 manibus
1689 1615 1893 1654 dinoscerem,
1922 1617 2016 1648 notas

349 1668 390 1700 ab
412 1671 542 1701 auctore
561 1667 735 1709 inscriptas
750 1666 865 1699 litteris
878 1667 1063 1706 maioribus,
1085 1677 1165 1699 saec.
1184 1667 1234 1700 15.
1250 1676 1321 1699 vero
1336 1666 1591 1700 continuationes
1605 1666 1721 1699 litteris
1734 1666 1909 1699 maioribus
1922 1666 2018 1700 uncis

348 1719 482 1753 inclusis
503 1719 666 1762 eaescripsi.

452 1772 483 1804 2.
514 1771 821 1804 Anniversariorum
839 1770 1096 1804 Gemnicensium
1114 1769 1276 1811 cataloyus
1291 1770 1430 1803 eiusdem
1445 1770 1562 1803 codicis
1576 1770 1632 1813 (cf.
1646 1771 1682 1810 1)
1693 1770 1773 1812 folio
1789 1770 1853 1803 147
1859 1770 1876 1803 b
1891 1769 2018 1803 duabus

350 1824 507 1857 columnis
525 1823 678 1864 disposito
699 1834 721 1856 a
747 1823 913 1856 Guilielmi
935 1822 1039 1862 Hofer
1066 1822 1104 1855 de
1126 1821 1340 1862 Lantzhuetffi
1369 1822 1538 1863 necroloyii
1562 1823 1715 1862 auctoris,
1745 1832 1846 1855 manu
1867 1822 2017 1862 insertus,

348 1876 427 1917 quia
448 1875 562 1916 folium
583 1885 715 1916 sequens
737 1875 878 1908 evulsum
900 1877 955 1913 est,
977 1875 1096 1915 inteqer
1117 1884 1182 1907 non
1202 1875 1256 1913 est,
1278 1884 1370 1915 quem
1392 1874 1508 1907 litteris
1529 1875 1704 1907 maim-ibus
1723 1874 1920 1917 scripsimus.

452 1929 483 1959 3.
513 1926 617 1959 Notae
639 1926 849 1968 necroloyicae
873 1927 1093 1959 Gemnicenses
1115 1925 1307 1965 calendario,
1329 1925 1414 1967 quod
1435 1926 1552 1959 codicis
1575 1926 1659 1958 1895
1680 1926 1816 1959 minoris
1835 1927 1959 1966 formae
1980 1925 2018 1958 in

353 1978 536 2011 bibliotheca
573 1989 724 2011 caesarea
765 1978 999 2011 Vindobonensi
1027 1978 1183 2010 asservati
1211 1977 1297 2020 folia
1328 1978 1419 2010 1-6
1453 1977 1608 2011 breviario
1636 1977 1816 2018 praemissa
1848 1977 2015 2016 continent,

352 2041 432 2063 saec.
450 2033 501 2063 14.
518 2034 650 2064 exeunte
674 2031 811 2063 insertae
833 2033 919 2063 sunt.
958 2030 1014 2063 Ex
1035 2030 1121 2063 notis
1141 2029 1344 2071 necroloqicis
1365 2032 1460 2070 atque
1482 2028 1723 2068 annotiuncula,
1745 2039 1827 2070 quae
1849 2029 1931 2061 diem
1945 2028 2015 2062 111.

351 2085 426 2115 ante
448 2083 524 2115 idus
550 2082 690 2116 Octobris
712 2082 923 2115 dedicationis
945 2082 1083 2115 coenobii
1104 2082 1227 2124 festum
1249 2082 1342 2121 dicit,
1374 2081 1565 2123 colliyimus,
1593 2081 1679 2114 hunc
1700 2081 1835 2114 codicem
1856 2080 2016 2122 quondam

351 2135 498 2167 monachi
531 2135 715 2168 carthusiae
745 2135 963 2167 Gemnicensis
993 2144 1074 2167 saec.
1096 2135 1148 2167 18.
1171 2135 1303 2166 exeunte
1334 2133 1479 2166 sublatae
1510 2134 1625 2176 fuisse.
1689 2133 1777 2174 Quas
1808 2135 1900 2166 notas
1933 2132 2018 2179 typis

352 2187 575 2219 eoesctibeudas
597 2187 780 2226 curavimus
802 2187 986 2219 maioribus.

461 2239 583 2278 Restat,
612 2242 649 2272 ut
670 2239 738 2272 viro
760 2239 946 2278 clarissimo,
969 2238 1089 2271 doctori
1111 2238 1216 2278 Iosefo
1238 2237 1339 2279 equiti
1360 2247 1382 2270 a
1403 2236 1603 2276 Karabacek‚
1632 2235 1831 2269 bibliothecae
1852 2245 2017 2268 caesareae

361 2291 612 2324 Vindobonensis
638 2291 788 2324 directori
818 2291 932 2331 optime
959 2291 1083 2329 merito,
1111 2290 1196 2331 quod
1222 2289 1390 2330 necroloyii
1417 2289 1551 2322 codicem
1582 2288 1732 2322 Gottwici
1750 2287 2016 2330 pertractandum

352 2353 386 2375 eo
409 2343 489 2375 mihi
512 2343 609 2381 misit,
630 2343 756 2384 qratias
777 2353 870 2383 aqam
893 2342 1022 2375 debitas.

657 2501 688 2537 1.
723 2490 1222 2539 NECROLOGIUM
1255 2489 1718 2537 GEMNICENSE.

1047 2598 1130 2634 IAN
1132 2598 1325 2635 UARIUS.

367 2679 394 2707 3.
468 2679 592 2706 III.n0n.
616 2674 656 2706 D.
675 2673 844 2706 Gotfridus
866 2674 955 2716 prior
977 2673 1092 2706 domus
1115 2672 1251 2715 Troni1)
1279 2674 1370 2706 1387.

367 2731 393 2759 4.
479 2731 516 2757 ΙΙ.
530 2739 592 2757 non.
616 2726 655 2758 D.
675 2725 813 2758 Georius
836 2727 924 2768 prior
946 2726 980 2757 in
1002 2725 1176 2766 Pletriach,
1200 2725 1243 2757 fil.
1260 2725 1291 2756 h.
1309 2725 1339 2757 d.
1357 2727 1390 2757 et
1412 2727 1602 2766 procurator
1628 2725 1719 2756 1478.

461 2834 481 2867 ¹)
502 2835 666 2860 1366-1369
685 2832 732 2866 (cf.
746 2832 845 2860 Sei-iem
859 2834 986 2868 priorum
1004 2833 1035 2860 iu
1056 2832 1242 2867 Topoyraphie
1259 2840 1282 2859 v.
1296 2830 1505 2859 Nied.-Oesterr.
1518 2831 1579 2864 III,
1592 2833 1641 2858 276
1651 2830 1725 2864 sqq).
