2150 3178
505 194 770 223 NEOROLOGIUM
787 193 1015 222 MONASTERII
1033 193 1060 222 S.
1073 193 1202 222 CRUCIS
1221 193 1437 221 RECENTIUS.
1739 196 1801 226 115

142 284 186 313 12.
268 282 316 310 IV.
330 282 367 310 id.
403 282 436 309 L.
454 282 530 317 Mag.
543 281 680 309 Henricus
698 281 732 309 de
751 280 831 309 cista
848 280 1046 315 benefactors)

144 326 186 353 13.
267 326 318 353 III.
330 325 367 353 id.
403 325 445 352 M.
462 325 507 352 Fr.
520 325 656 352 Nicolaus
673 324 744 359 prof.
757 323 867 352 cenobii
886 323 921 351 11¹.

143 370 185 397 14.
280 370 317 396 11.
330 368 367 396 id.
403 368 437 396 L.
455 367 507 395 Ob.
520 368 547 395 d.
562 367 708 395 Udaln'eus
725 367 760 394 de
778 366 908 394 Fladnitz
926 366 1097 394 benefactor.

143 413 185 439 16.
226 411 316 440 XVII.
328 411 385 439 kal.
404 411 430 439 Ι.
440 408 475 439 R.
494 411 651 439 Fridericus
669 410 726 438 dux
742 410 848 445 primus
865 409 1029 444 Auamma)
1057 409 1099 437 M.
1118 409 1161 436 Fr.
1176 408 1334 436 Fn'derieus
1353 418 1395 436 cv.
1408 409 1479 444 prof.
1491 409 1519 437 h.
1532 419 1569 437 m.

143 456 186 484 17.
241 455 316 482 XVI.
327 455 386 482 kal.
404 455 446 482 M.
465 454 509 482 Fr.
522 453 658 489 Georgius
676 453 781 481 Kleber
797 453 816 481 1.
836 461 869 480 ex
887 453 975 480 moni⁰
993 451 1159 480 claustralis
1176 451 1354 487 Neuburgae.

143 499 185 526 18.
255 498 315 525 XV.
327 498 385 525 kal.
402 497 466 525 ΕΡ.
475 498 536 524 ΑΒ.
555 498 607 525 Ob.
620 498 646 525 d.
658 496 795 524 Hem-iens
812 496 878 524 abb.
890 497 973 523 monii
991 505 1012 523 s.
1026 495 1203 531 Lamperti.²)

104 568 107 571 ,
143 542 185 569 19.
241 540 315 568 XIV.
327 540 385 568 kal.
403 540 465 567 ΕΡ.
475 540 537 567 ΑΒ.
556 539 607 567 Ob.
620 539 647 567 d.
659 538 795 567 Hem-icus
813 538 902 572 abb.³)
921 538 1027 567 Montis
1045 538 1166 566 Pomerii
1184 538 1299 566 a.1541.

142 584 185 612 22.
267 583 314 610 XI.
327 583 384 611 kal.
402 583 444 611 M.
463 583 506 611 Fr.
519 583 656 611 Hem-icus
673 582 744 617 prof.
757 582 785 609 h.
798 591 834 609 m.

143 627 184 655 23.
279 627 314 654 X:
327 627 385 654 kal.
405 626 446 654 M.
463 626 508 654 Fr.
521 625 695 662 Augustinus
716 625 886 659 Puermayer
907 624 927 652 l.
947 633 980 652 ex
1002 624 1251 659 Klosterneuburg.
1281 624 1313 652 L.
1338 624 1535 660 Wolffgangus
1558 625 1696 654 Puchhell
1720 627 1803 655 bene-

454 670 554 697 faetor.

143 714 186 741 24.
267 713 315 741 IX.
327 713 384 740 kal.
402 712 463 740 ΕΡ.
473 713 533 739 AB.
553 712 604 740 Ob.
618 712 644 740 d.
657 712 774 739 Ioannes
791 712 895 746 ppos.⁴)
907 710 991 738 m0n¹i
1003 720 1023 738 ε.
1037 710 1164 738 Zenonis.
1187 710 1219 737 L.
1239 710 1290 738 Ob.
1304 711 1355 745 d.⁶)
1369 711 1403 738 de
1415 711 1587 747 Hakenberg
1593 712 1619 746 b)
1632 712 1802 741 benefactor.

143 756 186 783 26.
252 756 316 784 VII.
327 756 384 783 kal.
403 755 445 783 M.
462 755 507 783 Fr.
519 755 643 782 Adamun
661 755 704 782 Ies
721 754 739 781 l.
752 763 787 782 ex
805 754 892 781 mon5⁰
910 753 1061 781 claustrali
1079 753 1283 788 Neuburgae.=)

143 799 185 825 28.
281 798 315 825 V.
327 798 385 826 kal.
404 798 445 825 M.
462 797 507 825 Fr.
520 798 638 825 Ioannes
654 797 770 825 Prixner
788 797 808 824 l.
821 805 854 824 ex
871 797 959 824 moni0
978 796 1226 832 Klosterneuburg.

143 842 186 869 29.
268 842 316 869 IV.
329 841 386 869 kal.
405 842 438 869 L.
457 841 639 869 Sebastianus
657 840 844 876 Sophrosinus
863 840 974 874 famus)

143 885 186 913 30.
266 885 316 912 ΠΙ.
328 885 384 911 kal.
403 885 444 912 M.
464 884 515 912 Ob.
527 885 560 912 fr.
572 883 708 919 Georgius
726 883 806 911 Unus
822 892 886 911 nov.
898 883 980 910 monii
999 883 1166 911 Claustralis
1184 883 1386 919 Neoburgae.⁸)

143 928 185 955 31.
278 929 314 956 11.
327 928 385 956 kal.
404 928 464 956 ΕΡ.
474 928 536 955 ΑΒ.
555 929 589 956 D.
602 927 769 955 Guillelmus
776 928 798 961 ⁸)
816 926 881 955 abb.
893 927 922 954 h.
934 936 970 954 m.
983 927 1027 954 ob.
1040 935 1065 954 a.
1080 927 1159 959 1528,
1183 927 1340 962 resignavit
1359 927 1505 955 abbatiam
1524 927 1628 956 Montis
1646 928 1805 963 Pomeriifl)

886 1058 1059 1096 IUNIUS.

260 1142 308 1170 IV.
320 1151 383 1170 non.
401 1142 428 1170 Ι.
442 1142 479 1170 R.
505 1143 556 1170 Ob.
577 1142 707 1178 princeps
734 1143 892 1177 Leopoldus
925 1143 981 1170 dux
1007 1142 1138 1170 Austriae
1170 1144 1199 1170 et
1231 1142 1376 1177 supinae)
1384 1143 1405 1176 ⁷)
1440 1143 1472 1170 L.
1504 1143 1698 1179 Sigismundus
1725 1145 1803 1172 Eion-

453 1186 611 1214 hammeror
626 1186 735 1220 samin-5)

261 1229 310 1256 111.
323 1237 386 1256 non.
404 1228 438 1256 L.
457 1228 612 1257 Catharina
629 1228 833 1256 Nimmervolin
850 1229 936 1256 samin.

320 1281 384 1300 non.
403 1272 463 1300 ΕΡ.
477 1272 541 1300 ΑΒ.
564 1274 597 1300 D.
613 1273 748 1300 Nicolaus
773 1281 831 1307 eps.
849 1272 1032 1299 Tribunensis
1058 1272 1086 1299 in
1113 1272 1223 1300 ambitu
1247 1274 1375 1308 sepultus
1397 1274 1443 1302 ob.
1459 1282 1484 1301 a.
1503 1274 1578 1302 1402.
1609 1275 1642 1302 L.
1666 1274 1805 1303 Veronica

457 1315 690 1351 delspergerin
708 1315 890 1343 benefacti-ix.

235 1357 310 1385 V111.
322 1358 360 1386 id.
405 1359 448 1386 M.
466 1358 518 1386 Ob.
531 1358 563 1386 fr.
577 1359 694 1386 Iodocus
711 1367 767 1386 sac.
780 1359 850 1393 prof.
863 1359 891 1385 h.
903 1367 940 1386 m.
967 1358 1000 1386 L.
1019 1358 1071 1386 Ob.
1085 1358 1274 1386 Theodericus
1292 1359 1327 1386 de
1345 1359 1549 1394 Lychtonstain
1568 1360 1655 1389 famis.

249 1401 309 1429 VII.
321 1402 359 1429 id.
403 1402 464 1429 ΕΡ.
475 1402 534 1429 ΑΒ.
554 1402 604 1429 Ob.
618 1402 668 1436 d.⁸)
679 1401 744 1429 abb.
757 1401 791 1429 de
808 1400 898 1436 Egi-is.
928 1401 969 1428 M.
988 1401 1039 1429 Ob.
1052 1401 1085 1429 fr.
1097 1401 1233 1436 Aegidius
1251 1410 1306 1430 sac.
1319 1403 1390 1437 prof.
1402 1403 1431 1430 h.
1443 1413 1479 1431 m.

275 1444 309 1472 V.
322 1444 359 1472 id.
403 1445 463 1472 ΕΡ.
474 1445 538 1472 AB.
556 1445 607 1472 Ob.
621 1445 646 1472 d.
660 1445 777 1472 Iodocus
795 1445 859 1472 abb.
873 1445 902 1471 in
921 1444 1027 1479 Campo
1046 1444 1213 1479 principum.

260 1488 307 1516 IV.
320 1488 358 1516 id.
402 1489 443 1516 Μ.
462 1488 512 1516 Ob.
526 1489 577 1515 fre·
595 1488 746 1523 Philippus
764 1489 793 1515 et
810 1487 1015 1523 Wolffgangus‚
1033 1492 1107 1515 ⁸20⁰·
1125 1487 1154 1515 h.
1166 1497 1203 1516 m.
1216 1488 1297 1523 profi.

144 1532 187 1558 11.
259 1532 308 1559 ΠΙ.
322 1531 359 1561 id.
403 1532 446 1560 M.
465 1532 508 1559 Fr.
521 1531 640 1559 Iacobus
657 1540 713 1559 sac.
727 1531 754 1559 h.
767 1540 803 1559 m.
816 1531 886 1566 prof.

146 1575 187 1602 12.
272 1576 307 1602 H.
320 1574 357 1602 id.
402 1575 425 1602 1.
436 1574 471 1602 R.
492 1575 543 1603 Ob.
557 1575 689 1610 princeps
707 1574 840 1602 Ernestus
859 1574 915 1601 dux
932 1573 1063 1602 Austriae
1081 1576 1111 1601 et
1129 1573 1272 1609 Styriae.·)

146 1617 187 1645 13.
321 1617 358 1645 id.
403 1617 462 1645 ΕΡ.
473 1618 538 1646 ΑΒ,
558 1618 608 1645 Ob.
622 1618 648 1644 d.
662 1618 779 1645 Ioannes
797 1617 958 1651 Hechtelw)
976 1626 1056 1652 ppos.
1068 1617 1098 1644 in
1115 1617 1270 1653 Neuburga.
1289 1617 1450 1646 Claustrali.

145 1661 187 1688 14.
206 1661 308 1689 XVIII.
321 1661 378 1688 kal.
404 1661 464 1688 ΕΡ.
475 1661 538 1688 ΑΒ.
557 1661 608 1689 Ob.
621 1661 646 1688 d.
660 1661 818 1694 Ioannes¹¹)
836 1669 916 1695 ppos.
928 1661 957 1687 in
971 1661 1073 1688 Vorau.

144 1705 186 1732 15.
216 1704 306 1732 XVII.
319 1705 376 1733 kal.
404 1705 427 1732 1.
438 1704 473 1732 R.
492 1704 543 1732 Ob.
556 1705 687 1740 princeps
703 1703 862 1732 Fridericus
887 1704 970 1731 huius
992 1703 1113 1732 nominis
1135 1704 1165 1731 in
1183 1704 1411 1740 Babenbergensi
1434 1704 1544 1732 familia.
1566 1706 1715 1739 secundus,
1741 1715 1804 1741 cog-

456 1749 586 1776 nomento
595 1747 760 1780 Belua-osus,
772 1747 896 1782 abnepos
909 1756 929 1773 s.
938 1747 1073 1782 Leopoldi
1084 1747 1250 1779 fundatoris,
1264 1748 1343 1775 cuius
1355 1748 1494 1776 familiam
1503 1748 1675 1782 terminavit,
1688 1749 1804 1784 quintus

455 1791 511 1818 dux
529 1791 672 1823 Austriae,
697 1791 875 1825 eiusdemque
898 1790 1004 1825 primus
1026 1793 1055 1818 et
1080 1800 1150 1818 unus
1168 1800 1216 1819 rex
1235 1793 1345 1819 creatus
1363 1793 1393 1819 et
1411 1792 1603 1826 salutatusn),
1629 1792 1658 1820 in
1678 1792 1804 1828 capitulo

456 1834 619 1862 monasterii
636 1835 663 1861 11¹
681 1834 845 1866 tumulatus,
864 1842 889 1861 a.
904 1834 980 1860 1246.

145 1877 186 1904 16.
235 1877 307 1904 XVI.
321 1878 377 1905 kal.
404 1877 463 1904 ΕΡ.
474 1878 534 1905 ΑΒ.
554 1877 604 1905 Ob.
618 1877 644 1905 d.
658 1877 872 1912 Augustinus¹·)
892 1885 950 1912 eps.
963 1877 993 1904 in
1012 1877 1094 1904 Nova
1112 1876 1236 1905 Civitate
1255 1886 1280 1904 a.
1295 1878 1370 1905 1495.

146 1921 187 1948 17.
246 1920 305 1947 XV.
319 1921 375 1948 kal.
403 1921 435 1948 L.
455 1920 505 1948 Ob.
519 1921 673 1948 Catharina
690 1920 895 1948 Steinmauerin
914 1919 1095 1948 benefacti-ix.

144 1963 187 1991 23.
261 1964 307 1991 IX.
321 1963 376 1991 kal.
404 1963 436 1991 L.
456 1963 568 1991 Ulricus
586 1964 621 1991 de
638 1963 775 1999 Himberg
792 1964 963 1991 benefactor.

144 2008 187 2034 24.
229 2007 306 2035 VIH.
319 2007 376 2034 kal.
404 2007 444 2034 M.
463 2007 515 2035 Ob.
528 2008 560 2034 fr.
574 2007 709 2034 Nicolaus
727 2009 757 2035 et.
775 2007 807 2034 fr.
821 2007 969 2039 Mart-inus,
987 2007 1059 2042 profi
1077 2007 1105 2034 h.
1119 2016 1155 2034 m.

145 2050 188 2078 25.
245 2050 304 2077 VII.
318 2050 376 2077 kal.
404 2050 446 2077 M.
466 2050 517 2078 Ob.
529 2050 561 2077 fr.
574 2050 731 2085 Leopoldus
750 2059 791 2077 cv.
804 2051 875 2085 prof.
887 2050 915 2077 h.
929 2059 965 2078 m.

144 2094 187 2121 29.
254 2095 305 2121 III.
317 2093 374 2120 kal.
403 2093 463 2120 ΕΡ.
474 2093 538 2121 AB.
556 2093 608 2121 Ob.
622 2093 647 2121 d.
656 2093 815 2121 Fridericus
827 2093 938 2120 Pranck
950 2102 1029 2128 ppos.
1043 2094 1072 2120 et
1084 2092 1235 2120 archidiac.
1246 2092 1476 2127 Salispurgensis.
1503 2092 1543 2119 M.
1563 2092 1614 2120 Ob.
1624 2093 1657 2121 fr.
1668 2093 1804 2122 Henrieus

457 2145 498 2163 cv.
511 2136 539 2163 h.
551 2146 587 2164 m.
601 2137 671 2171 prof.

144 1358 187 1515 Ξφμφ
161 1228 187 1299 φφ
161 1142 186 1169 w

249 2267 273 2300 ⁸)
292 2267 365 2293 Haec
389 2272 452 2294 nota
475 2267 599 2293 eoeatincta
622 2271 646 2292 et
667 2275 748 2293 mama
768 2275 835 2293 saec.
847 2269 887 2293 17.
905 2267 999 2293 iterata
1023 2271 1068 2294 eet.
1110 2266 1210 2293 Nomen
1227 2267 1298 2293 Cina
1319 2276 1367 2300 per
1389 2275 1504 2293 morem
1520 2268 1591 2302 Oyta
1609 2269 1733 2301 scr-ipwm
1751 2278 1804 2296 ene

144 2312 251 2339 videtwr.
338 2310 364 2344 b)
382 2311 481 2336 Mamm
497 2310 623 2344 posterior
640 2318 723 2344 supra
741 2310 811 2336 lima
826 2314 910 2336 notae.-
927 2310 1100 2336 Halenberoh.
1190 2310 1212 2343 θ)
1231 2310 1306 2336 Haec
1317 2315 1381 2336 ‘nota
1393 2311 1517 2336 emelinam
1528 2315 1571 2338 eet.
1659 2310 1685 2345 d)
1707 2312 1803 2339 Manus

139 2355 271 2388 ponus-ior
292 2358 382 2380 notam
401 2353 490 2387 μήπω
511 2361 593 2378 mwnu
614 2353 737 2386 ecr'wtam
758 2357 903 2379 atron-ento
920 2353 1043 2387 mazer-lito
1059 2353 1199 2380 renovavit.
1303 2353 1327 2387 ο)
1346 2354 1422 2380 Haec
1439 2358 1503 2380 nota
1520 2355 1604 2380 deleta
1622 2359 1666 2381 eet.
1702 2356 1802 2382 Mamm

142 2398 271 2432 posterior
289 2401 410 2424 amnotat:
427 2397 458 2422 Δ.
476 2398 540 2422 1282
560 2397 601 2422 ob.
614 2397 710 2422 Romae
728 2397 756 2422 in
773 2397 874 2430 imperii
891 2396 1002 2430 negotiis
1020 2397 1175 2423 fortissimus
1193 2397 1268 2423 heros
1289 2397 1436 2431 Leopoldns
1454 2398 1511 2424 eius
1528 2399 1640 2424 nominis
1657 2399 1686 2424 in
1701 2400 1803 2426 Baben-

145 2441 266 2475 bergensi
289 2441 386 2467 familia
407 2443 510 2472 sextus,
535 2439 659 2465 Friderici
681 2439 757 2472 prhni
779 2440 823 2472 fr„
848 2448 869 2465 s.
886 2439 1041 2465 mas-chionis
1058 2440 1181 2474 Leopoldi
1199 2449 1336 2474 pronepos,
1363 2444 1472 2474 quartus
1496 2442 1550 2467 dux
1567 2442 1703 2475 Austriae,
1727 2444 1803 2469 cuius

146 2486 258 2513 czdavor
274 2485 302 2510 in
320 2485 447 2517 Campum
464 2483 591 2514 liliorum,
614 2482 771 2508 fundationis
788 2490 852 2508 suae
870 2491 942 2516 opus,
960 2483 1063 2509 illatum
1081 2487 1128 2509 est.
1231 2482 1252 2516 s)
1270 2484 1350 2510 Home
1367 2488 1457 2510 notam
1474 2493 1568 2510 manus
1580 2486 1712 2518 posterior
1729 2491 1802 2511 atra-

145 2533 228 2555 mento
246 2527 369 2561 superma
386 2526 524 2552 renovavit.

251 2613 272 2646 ¹)
285 2612 446 2639 Eudemus
458 2611 481 2639 1.
493 2611 531 2638 ob.
543 2610 624 2638 XIV.
634 2610 687 2637 kal.
697 2610 772 2636 Maii
784 2613 855 2637 1198.
944 2611 965 2640 ²)
980 2610 1132 2638 Hairm'cus
1144 2610 1183 2638 11.
1195 2608 1284 2638 dietus
1294 2611 1409 2646 Moyker
1418 2615 1591 2640 1419-1435.
1679 2612 1702 2646 ³)
1715 2612 1803 2639 Hem-

145 2657 219 2683 τίσω
240 2655 330 2683 dictus
351 2654 429 2682 Korn
451 2658 628 2682 1629—1541.
734 2654 757 2687 ⁴)
775 2653 912 2681 lohanm
932 2654 983 2681 1V.
1003 2653 1093 2681 dic-ms
1115 2654 1270 2682 Peunteker
1292 2658 1479 2688 1470-1482,
1504 2663 1557 2689 quo
1574 2663 1649 2682 amm
1666 2655 1802 2683 abbatiam

145 2699 299 2734 resignavit.
396 2698 418 2731 ⁵)
438 2697 507 2732 Quis
522 2697 574 2724 hac
591 2704 624 2724 ex
640 2699 715 2732 yeme
731 2697 776 2730 sit,
792 2697 943 2732 iynomtur.
1039 2698 1059 2731 ·)
1078 2701 1253 2725 1519-1528.
1349 2698 1371 2731 ⁷)
1389 2697 1541 2731 Leopoldus
1558 2697 1617 2726 III.
1630 2699 1669 2726 ob.
1685 2698 1750 2726 VII.
1763 2699 1802 2727 id.

146 2742 213 2769 Imia‘
230 2744 303 2769 1380.
408 2742 430 2775 ⁸)
449 2740 598 2767 Monimo.
705 2740 726 2773 ¹)
749 2739 796 2767 Ob.
809 2739 862 2767 IV.
874 2739 911 2767 id.
923 2740 1003 2767 lamii
1020 2744 1095 2768 1424.
1203 2742 1237 2774 ¹⁴²)
1255 2744 1428 2769 1465-1485.
1536 2742 1569 2775 u)
1587 2741 1724 2769 Iohamoes
1741 2742 1803 2770 ΠΙ.

145 2786 244 2813 electus
259 2793 286 2811 a.
296 2787 360 2812 1618
371 2784 411 2812 ob.
423 2783 511 2811 eodem
522 2791 605 2811 anm.
703 2784 738 2816 ¹²)
759 2782 918 2810 Priola-im
928 2783 971 2811 ΙΙ.
985 2783 1044 2810 dum
1055 2784 1186 2811 Auetriae
1198 2792 1345 2818 numquam
1359 2784 1396 2812 ad
1410 2785 1480 2820 regis
1494 2784 1650 2819 dignitatem
1661 2785 1746 2812 elatus
1757 2788 1802 2813 est.

150 2830 183 2862 ¹⁸)
201 2827 373 2863 Auqustims
394 2827 536 2861 Giebimer
553 2827 586 2854 de
606 2826 736 2854 chicmae
752 2827 947 2862 (1491—1495)
965 2827 1006 2854 ob.
1018 2827 1072 2855 IX.
1086 2827 1140 2855 kal.
1152 2827 1275 2862 Anqusti
1292 2831 1363 2855 1495.

1543 2879 1595 2907 15*
