2150 3178
348 196 411 227 312
461 191 570 219 LIBER
588 189 834 219 OBLATIONUM
850 189 899 217 ΕΤ
917 188 1167 217 ANNIVERSAR.
1179 187 1410 216 MONASTERII
1428 187 1579 216 SOOTOR.
1591 187 1900 218 VINDOBONENSIS.

347 289 474 318 mense,
505 278 574 321 die,
602 278 683 310 hora
707 280 740 310 et
763 277 900 309 durante
923 276 1060 308 concilio
1083 276 1199 319 quibus
1222 286 1320 318 supra
1342 275 1548 318 presentibus
1571 275 1695 308 ibidem
1717 275 1798 308 ven¹¹
1821 278 1856 309 et
1879 277 2014 320 egregio

348 343 386 364 ac
415 332 562 364 discretis
588 332 665 363 viris
694 329 730 362 d⁰
752 330 898 362 Iohanne
927 328 1160 361 Polczmacher
1186 328 1392 360 decretorum
1421 327 1554 360 doctore
1581 328 1616 360 iu
1641 327 1798 361 facultate
1827 329 1910 361 sacri
1936 328 2015 361 iuris

349 384 494 417 canonici
517 383 615 415 studii
630 382 760 415 Wienn.
778 381 943 423 ordinarii,
967 380 1100 413 Andrea
1115 379 1255 412 Gilberti
1278 380 1319 412 de
1335 379 1553 413 Frankfordia
1575 380 1696 412 arcium
1710 379 1900 413 'liberalium
1923 385 2015 423 mag⁰

349 439 382 468 et
410 435 547 468 Erasmo
580 434 698 467 Sclode
728 434 770 467 de
799 433 972 466 Mulhusen
1002 432 1217 464 baccalaureo
1247 432 1280 463 in
1307 431 1431 464 eisdem
1461 442 1500 464 ac
1526 430 1672 464 Iohanne
1695 431 1853 465 Tristram
1881 431 1958 465 dicti
1985 431 2017 464 d¹

349 488 504 520 Iohannis
527 486 612 520 abb¹·
635 486 824 527 camerario,
851 485 978 518 clericis
989 484 1214 525 Warmiensis‚
1238 486 1272 516 et
1293 483 1378 516 laico
1401 482 1488 516 dicte
1511 483 1626 516 Patav.
1643 483 1792 526 diocesis,
1814 483 1951 517 testibus
1973 484 2016 518 ad
2042 495 2056 516 s

350 540 509 582 premissa
531 539 656 572 vocatis
678 538 800 580 pariter
823 540 857 569 et
878 537 1010 579 rogatis.

455 591 501 634 (S.
518 591 574 634 N.)
619 590 662 622 Et
685 601 748 633 ego
764 589 919 622 Nicolaus
935 587 1065 621 Gerlaci
1089 587 1130 620 de
1145 587 1388 630 Kuenigisberg
1411 587 1554 629 civitate,
1579 586 1778 621 Sambiensis
1799 587 2016 632 (diocesis·)),

350 644 498 686 publicus
528 642 689 685 imperiali
720 642 914 674 auctoritate
945 640 1102 682 notarius,
1134 639 1210 682 quia
1239 639 1333 671 dictis
1360 639 1543 672 litterarum
1572 640 1811 682 presentacioni
1840 650 2017 684 earumque

350 695 535 738 recepcioni
558 696 700 737 ipsarum
725 696 758 725 et
780 693 813 725 in
837 693 884 724 eis
907 694 1132 724 contentorum
1156 691 1346 723 execucioni
1370 690 1569 724 ordinacioni
1587 691 1714 724 statutis
1735 693 1769 724 et
1783 691 2017 726 arbitramento

351 747 565 789 omnibusque
592 747 663 779 aliis
693 749 727 777 et
749 745 884 787 singulis
906 743 1071 786 premissis
1093 753 1158 775 una
1181 753 1255 775 cum
1277 743 1510 786 prenominatis
1532 742 1669 776 testibus
1691 742 1823 776 interfui
1845 754 1950 787 eaque
1972 743 2018 778 sic
2035 754 2062 776 ιο

350 800 421 832 fieri
448 799 514 831 vidi
542 802 574 831 et
601 798 724 838 audivi,
756 797 832 828 ideo
860 806 993 838 presens
1020 795 1184 838 publicum
1212 795 1460 827 instrumentum
1488 805 1587 828 manu
1615 806 1690 828 mea
1716 796 1870 838 scriptum
1898 796 2018 830 exinde

351 852 476 884 confeci
507 854 540 883 et
569 851 601 882 in
629 850 711 882 hanc
738 848 900 891 publicam
930 848 1069 880 formam
1092 847 1206 890 redegi
1234 857 1272 880 ac
1301 847 1393 890 signo
1422 857 1496 880 meo
1525 847 1621 880 solito
1649 850 1682 880 et
1710 850 1863 880 consueto
1893 847 2019 890 signavi

351 903 526 946 requisitus
548 903 579 934 in
603 902 701 934 fidem
725 904 758 933 et
781 900 1002 933 testimonium
1025 900 1169 932 omnium
1192 902 1226 931 et
1249 899 1446 942 singulorum
1469 899 1709 941 premissorum.

455 955 493 986 In
525 955 655 986 nomine
686 953 822 990 domini;
857 962 963 984 amen.
1020 951 1089 984 Nos
1117 951 1280 984 Iohannes
1311 951 1384 983 abb.
1410 954 1562 994 totusque
1593 954 1769 984 conventus
1799 951 1892 985 m0n¹¹
1921 951 2018 986 beate

351 1007 494 1049 Virginis
522 1006 602 1038 alias
625 1005 795 1037 Scotorum
826 1005 859 1036 in
882 1003 1039 1044 Wienna,
1069 1006 1105 1035 ut
1131 1002 1257 1035 facilius
1280 1005 1378 1046 atque
1401 1004 1525 1036 cercius
1547 1003 1758 1036 rememorari
1779 1004 1911 1036 valeant
1932 1009 2020 1036 nm
2038 1013 2064 1036 u

352 1070 499 1091 carorum
528 1057 686 1090 beneficia
715 1057 806 1089 nobis
829 1057 970 1098 gratuito
994 1055 1153 1097 exhibita,
1182 1054 1364 1088 studuimus
1386 1055 1446 1088 sub
1469 1055 1562 1088 brevi
1584 1055 1658 1088 stilo
1681 1055 1884 1089 conscribere
1907 1046 2020 1090 eorum

353 1111 565 1151 donaciones,
595 1119 676 1152 quas
705 1109 737 1140 in
766 1108 922 1140 honorem
951 1107 1005 1139 dei
1033 1107 1264 1149 omnipotentis
1293 1117 1331 1139 ac
1358 1112 1387 1139 s·
1410 1107 1576 1149 genitricis
1603 1108 1672 1140 eius
1699 1108 1830 1151 virginis
1853 1108 1957 1142 Maris
1987 1111 2021 1142 et

352 1173 482 1195 suarum
506 1161 644 1194 salutem
668 1161 847 1193 animarum
872 1159 965 1191 nobis
984 1162 1160 1202 nostroque
1177 1158 1276 1191 mon¹⁰
1293 1158 1519 1201 exhibuerunt,
1543 1170 1656 1192 eorum
1680 1159 1861 1201 dumtaxat,
1883 1171 2021 1203 quorum

355 1215 511 1247 beneficia
541 1215 573 1245 in
599 1212 791 1245 kalendario
819 1212 910 1243 istius
939 1211 1013 1243 libri
1041 1222 1104 1243 non
1134 1212 1339 1243 inveniuntur
1363 1212 1485 1244 inserta
1511 1222 1570 1244 nec
1597 1212 1700 1244 eciam
1727 1212 1760 1244 in
1787 1212 1904 1244 litteris
1929 1212 2020 1245 anni-

353 1265 619 1307 versarialibusb)
643 1268 788 1304 exarata,
816 1274 952 1306 quorum
975 1263 1068 1295 multi
1092 1263 1132 1296 de
1156 1263 1222 1296 fr*¹¹¹¹
1246 1263 1425 1296 devocione
1448 1263 1559 1296 confisi
1583 1263 1775 1296 studuerunt
1798 1263 2021 1299 communibus
2038 1275 2066 1297 u

354 1319 447 1351 bonis
463 1317 653 1357 contentari,
676 1317 825 1348 nolentes
842 1316 994 1348 humeros
1012 1320 1059 1348 n0·
1075 1317 1109 1348 in
1125 1315 1259 1358 speciali
1277 1326 1413 1348 onerare
1432 1326 1492 1358 per
1509 1315 1680 1348 anniv¹⁰¹¹¹¹¹¹
1695 1318 1752 1349 aut
1768 1316 1904 1348 aliorum
1922 1315 2022 1349 divini

354 1371 459 1403 cultus
483 1370 712 1411 obsequiorum
729 1371 922 1411 perpetuam
937 1368 1187 1400 institucionem.
1228 1367 1406 1400 Hortamur
1421 1368 1552 1410 insuper
1574 1368 1607 1400 in
1623 1368 1757 1400 caritate
1774 1367 1894 1401 Christi
1909 1378 2023 1401 omnes

355 1433 556 1455 successores
590 1426 647 1462 n⁰·‚
686 1424 722 1452 ut
755 1431 819 1463 pya
853 1419 1031 1452 devocione
1069 1420 1209 1462 permoti
1245 1419 1396 1460 studeant
1429 1420 1577 1452 similiter
1610 1430 1740 1452 suorum
1777 1419 2021 1454 benefactorum

354 1475 514 1507 beneficia
538 1473 766 1506 commendare
790 1476 823 1504 et
846 1473 877 1504 in
901 1472 1028 1514 scriptis
1051 1471 1147 1504 simili
1166 1471 1264 1504 modo
1287 1471 1447 1515 redigere,
1470 1475 1506 1504 ut
1521 1471 1634 1504 crebro
1649 1471 1693 1504 ad
1707 1473 1778 1515 ipsa
1794 1472 2023 1515 conspicienda

356 1528 409 1559 fre*
438 1529 604 1558 recurrant
631 1525 728 1557 deum
756 1525 1011 1566 omnipotentem
1039 1534 1098 1566 pro
1129 1523 1253 1556 eisdem
1280 1525 1439 1566 rogaturi,
1473 1534 1515 1556 ne
1541 1527 1608 1556 tam
1635 1534 1694 1556 nos
1725 1534 1823 1567 quam
1850 1524 1913 1567 ipsi
1942 1527 2023 1568 aput
2039 1533 2066 1556 u

355 1580 460 1621 ipsum
484 1578 581 1610 deum
605 1578 861 1619 omnipotentem
885 1586 1060 1618 arguamur
1077 1575 1317 1618 ingratitudinis
1339 1576 1372 1608 in
1387 1576 1540 1608 futurum.
1585 1575 1707 1608 Datum
1718 1575 1859 1609 Wienne
1875 1577 1908 1609 in
1923 1575 2023 1609 ιιιοιι10

356 1631 502 1674 predicto
526 1630 623 1662 beate
647 1629 750 1661 Marie
775 1629 905 1671 virginis
928 1639 957 1660 a.
975 1628 1004 1660 d.
1026 1629 1107 1660 1443
1131 1628 1236 1670 pridie
1259 1631 1335 1661 ante
1359 1627 1587 1671 epiphaniasb)
1610 1627 1641 1660 d¹
1663 1627 1694 1660 n¹
1715 1627 1790 1660 Iesu
1813 1627 1942 1661 Christi.

459 1683 496 1714 In
525 1682 636 1725 primis
665 1682 811 1723 cupimus
840 1681 981 1712 omnium
1009 1680 1075 1712 frmn
1104 1680 1308 1712 oracionibus
1335 1680 1564 1724 commendare
1592 1685 1706 1712 sermmm
1730 1680 1789 1712 d·²¹¹¹
1813 1680 2022 1723 Albertum1)

356 1736 428 1768 dive
452 1735 608 1768 memorie
631 1732 889 1775 Romanorumb)
912 1742 1042 1774 semper
1065 1736 1250 1774 augustum,
1275 1732 1444 1775 Hungarie
1468 1735 1502 1764 et
1524 1732 1683 1765 Bohemie
1706 1741 1819 1774 regem
1843 1742 1882 1764 ac
1905 1731 2022 1766 ducem

356 1788 486 1820 Austris
518 1787 663 1829 quintum
694 1785 789 1817 huius
811 1784 962 1824 nominis,
994 1784 1115 1826 pariter
1147 1794 1219 1816 cum
1250 1795 1307 1816 sua
1330 1785 1468 1826 coniuge
1491 1783 1672 1826 Elyzabeth
1681 1783 1709 1826 2)
1738 1786 1936 1826 nuncupata,
1966 1784 2022 1826 qui
2040 1794 2067 1816 ω

355 1850 485 1882 semper
514 1850 592 1881 erga
621 1849 679 1870 nos
706 1840 915 1878 nostrumque
942 1846 1027 1868 mon.
1050 1836 1246 1878 singularem
1274 1839 1442 1878 gestarunt
1470 1835 1696 1877 devocionem,
1727 1845 1824 1878 quam
1846 1836 1880 1867 in
1903 1835 2022 1869 effectu

356 1892 528 1934 magnifico
558 1889 767 1922 ostendentes
796 1889 997 1921 donaverunt
1025 1888 1132 1921 eidem
1161 1888 1202 1920 ob
1229 1888 1371 1931 gloriose
1398 1889 1531 1931 virginis
1557 1887 1661 1920 Marie
1688 1888 1845 1920 honorem
1873 1890 2022 1921 ornatum

356 1945 488 1986 plenum
519 1946 552 1975 et
579 1942 760 1984 perfectum
791 1951 829 1973 ac
858 1941 1088 1983 preciosiorem
1118 1951 1215 1983 quem
1244 1940 1418 1982 habemus,
1451 1943 1531 1982 puta
1558 1940 1718 1981 casulam,
1754 1939 1962 1972 dalmaticam
1988 1943 2023 1973 et
2060 1978 2061 1981 Ἴ

356 1996 507 2028 subtilem
538 2006 611 2026 cum
641 1995 705 2026 suis
733 1993 916 2025 attinenciis
943 1996 976 2025 et
1003 1992 1124 2034 pallam
1151 1992 1263 2024 altaris
1290 1992 1383 2024 bruni
1413 1992 1529 2024 coloris
1556 2002 1635 2024 auro
1664 1992 1787 2034 optimo
1814 1992 1956 2024 intextas
1982 2002 2022 2026 ac

357 2059 494 2091 cappam
519 2047 698 2089 preciosam
724 2045 870 2077 eiusdem
893 2047 1021 2077 texture
1044 2045 1200 2077 insertam
1223 2044 1417 2087 quibusdam
1440 2044 1602 2087 lapidibus
1627 2044 1792 2086 preciosis.
1838 2043 1924 2076 Item
1944 2054 2020 2077 con·
2036 2054 2066 2075 -ιι

357 2101 500 2132 tulerunt
530 2098 637 2130 eidem
663 2098 805 2140 gloriose
832 2097 948 2139 virgini
971 2096 1074 2128 Marie
1101 2097 1351 2128 monstranciam
1379 2099 1568 2138 argenteam
1595 2095 1788 2137 'deauratam
1815 2095 2022 2137 precellentis

356 2151 587 2194 magnitudinis
610 2160 684 2182 cum
707 2149 852 2191 reliquiis
875 2149 915 2181 de
939 2149 1037 2191 peplo
1061 2148 1205 2180 eiusdem
1229 2149 1361 2190 virginis
1383 2148 1463 2180 inibi
1485 2147 1669 2180 reconditis.
1714 2147 1800 2179 Item
1818 2147 2023 2180 contulerunt

357 2204 537 2246 preciosam
566 2203 700 2234 calicem
731 2211 805 2233 cum
833 2200 958 2232 duabus
985 2200 1136 2242 ampullis
1162 2201 1326 2242 argenteis
1353 2210 1492 2232 unacum
1516 2199 1641 2231 duobus
1664 2198 1867 2231 candelabris
1891 2202 1925 2231 et
1945 2199 2022 2232 nola

357 2255 505 2288 similiter
532 2255 704 2297 argenteis,
755 2252 798 2284 Et
825 2254 851 2284 si
881 2253 952 2295 quis
979 2252 1097 2294 prefati
1124 2252 1277 2294 principis
1302 2262 1380 2294 erga
1402 2262 1461 2284 nos
1483 2251 1711 2284 liberalitatem
1734 2251 1861 2293 plenius
1883 2251 2024 2284 voluerit

358 2316 567 2350 cognoscere,
597 2305 727 2336 studeat
754 2305 854 2346 ipsius
881 2304 1076 2336 donaciones
1104 2304 1197 2336 nobis
1225 2314 1394 2336 concessas
1423 2314 1559 2346 querere
1585 2304 1618 2335 in
1646 2303 1762 2335 litteris
1789 2305 1823 2335 et
1844 2303 2023 2346 privilegiis
2040 2315 2068 2335 ιο

357 2359 415 2391 sub
440 2370 496 2390 suo
520 2358 626 2400 sigillo
650 2367 688 2388 ac
712 2358 842 2388 nominc
866 2357 1035 2388 roboratis.

462 2411 544 2442 Item
569 2409 700 2451 quidam
725 2409 754 2440 d.
772 2410 900 2441 nomine
917 2408 1133 2441 Berchtoldus
1150 2408 1190 2440 de
1205 2408 1347 2451 Mangen
1359 2408 1397 2451 ³),
1421 2418 1506 2450 mag.
1522 2407 1681 2439 hubarum
1697 2406 1838 2448 Anemo,
1862 2407 2024 2440 edificavit

358 2463 451 2495 nobis
475 2473 516 2494 ex
541 2472 658 2503 magna
682 2464 773 2503 parte
797 2471 915 2492 novum
940 2461 1163 2492 dormitorium
1187 2461 1220 2492 in
1242 2460 1356 2492 abside
1379 2460 1542 2492 refectorii
1565 2462 1599 2491 et
1619 2459 1683 2491 alia
1699 2469 1797 2502 quam
1811 2459 1906 2501 plura
1920 2457 2021 2491 bene-

358 2515 441 2556 ficia,
466 2514 602 2545 devotus
625 2513 687 2545 deo
711 2512 804 2544 nobis
828 2512 975 2544 exhibuit
998 2512 1138 2543 consiliis
1162 2515 1195 2544 et
1214 2512 1342 2544 auxiliis
1362 2511 1458 2543 monii
1471 2511 1501 2543 11i
1516 2512 1750 2543 incrementum
1771 2514 1839 2542 tam
1854 2510 2021 2552 spirituale

360 2577 457 2608 quam
486 2565 667 2607 temporale
698 2564 909 2606 procurando.
965 2563 1027 2595 Ob.
1052 2567 1161 2595 autem
1190 2564 1316 2595 XVIII.
1340 2563 1404 2596 kal.
1430 2563 1645 2605 Septembris,
1680 2563 1770 2594 cuius
1800 2563 1905 2594 anniv.
1928 2564 2022 2604 grata
2039 2571 2067 2591 ιι

360 2617 591 2650 consuetudine
615 2617 833 2648 introductum
856 2619 1004 2648 tenemur
1026 2626 1196 2658 peragere,
1219 2619 1255 2647 ut
1277 2615 1355 2647 alibi
1378 2618 1481 2657 patet.

465 2720 489 2754 θ)
508 2722 592 2747 Deest.
698 2720 724 2753 b)
745 2720 807 2746 Cod.
914 2721 938 2750 ⁰)
959 2720 1001 2746 Sc.
1014 2729 1108 2753 regem.

467 2790 488 2823 ¹)
507 2789 633 2815 Albanus
650 2789 694 2815 II.
714 2789 900 2816 Romanorum
918 2796 965 2815 rex
982 2788 1021 2815 ob.
1036 2796 1060 2814 α.
1076 2790 1148 2816 1439.
1246 2788 1268 2821 ²)
1289 2787 1367 2814 Filia
1379 2786 1547 2821 Styismundi
1559 2786 1746 2813 Romanorum
1763 2785 1840 2819 reyis,
1860 2793 1886 2812 α.
1899 2787 1966 2811 1442
1983 2783 2022 2810 ob.

363 2834 384 2865 ³)
404 2832 499 2858 Huius
517 2832 548 2858 in
566 2831 753 2865 diplomatibus
770 2832 855 2858 aoznis
874 2835 1038 2859 1425—1436
1056 2832 1161 2865 saepius
1179 2831 1276 2858 mentio
1292 2831 1330 2864 fit.
