2150 3178
358 175 530 203 ANNALES
549 175 795 203 NECROLOGICI
814 175 1003 203 CANONIAE
1021 176 1046 203 S.
1059 175 1281 203 DOROTHEAE
1301 176 1605 204 VINDOBONENSIS.
1749 181 1807 211 271

261 254 301 286 D.
319 254 478 286 Iohannes
501 253 584 295 Iung
608 253 648 285 de
671 253 909 295 Dinckhlspi'ihl
931 253 1009 285 fecit
1030 254 1263 296 professionem
1287 265 1315 286 a.
1334 255 1363 286 d.
1383 258 1475 287 1443.
1521 255 1640 287 Sextus
1663 257 1751 298 prior
1778 259 1812 288 et

157 306 278 348 primus
301 305 370 337 dec.
387 305 481 337 monii
496 310 524 336 s⁰
539 305 706 337 Dorothee
730 308 763 336 et
785 306 905 347 primus
928 316 1019 347 ppos
1036 306 1069 337 in
1084 305 1291 337 Rotenmann
1314 309 1348 338 et
1371 306 1502 338 demum
1523 318 1613 349 ppos.
1630 308 1663 339 in
1678 308 1810 340 Frisaco

158 361 191 389 et
212 357 333 389 ibidem
355 359 500 389 mortuus
522 367 551 388 a.
569 357 629 399 d.²)

259 409 300 441 D.
321 409 474 440 Albertus
507 408 547 440 de
576 407 832 440 Perchtolsdorff
858 408 936 440 fecit
965 408 1229 451 profess(ionem)
1259 420 1288 441 a.
1310 409 1339 441 d.
1365 412 1445 442 1443
1476 413 1509 442 et
1539 410 1590 442 ob.
1612 421 1640 443 a.
1662 411 1692 443 d.
1717 414 1809 450 1454,

125 469 137 489 ε
241 485 248 493 .
323 485 330 492 .
427 485 433 491 .

156 460 239 494 VIII
258 460 485 544 Dilllizlgiffidllaus
513 511 553 543 de
577 511 758 544 Cremnicia
786 511 862 543 fecit
885 511 1119 553 professionem
1143 523 1171 543 a.
1190 511 1220 543 d.
1240 515 1321 544 1443
1351 516 1384 544 et
1408 512 1458 544 ob.
1475 524 1504 545 a.
1522 514 1552 545 d.
1575 516 1670 554 1472,
1700 514 1810 546 XVII.

117 581 120 584 <
155 564 219 596 kal.
237 563 440 595 Novembris.

258 616 298 647 D.
312 615 482 647 Udalricus
501 615 541 647 de
560 614 751 647 Oonstancia
767 615 888 656 primus
903 615 935 646 in
951 614 1154 656 Kreiczlingn
1171 615 1265 656 profi,
1288 615 1419 647 tandem
1436 627 1465 647 a.
1479 616 1508 648 d.
1525 619 1606 648 1444
1622 617 1654 648 in
1670 618 1808 649 crastino

155 667 318 699 divisionis
346 667 386 699 de
414 677 570 698 consensu
598 668 646 698 sui
675 670 850 698 conventus
878 666 920 697 ad
949 665 1008 697 ΒΜ
1031 666 1260 709 Doro(theam)
1289 667 1463 709 stabilitus,
1495 672 1609 710 postea
1638 679 1696 710 per
1723 670 1809 701 viam

112 728 136 748 ιο
155 719 376 760 compromissi
402 729 461 760 pro
489 718 630 750 secundo
657 723 754 759 ppos⁰
783 717 823 749 ad
855 717 1039 749 Rotenman
1069 717 1205 759 electus,
1240 718 1359 750 ibidem
1388 719 1438 750 ob.
1461 730 1489 751 a.
1512 720 1542 751 d.
1568 722 1647 752 1475
1681 720 1732 752 die
1760 722 1807 751 in-

153 771 316 803 vencionis
339 775 367 801 se
390 770 501 811 crucis,
524 769 586 801 hoc
610 773 659 801 est
682 769 720 802 V.
737 780 809 800 non.
826 769 914 800 Maii.

256 822 296 854 D.
315 821 531 864 Wolfgangus
565 821 605 853 de
631 821 784 863 Laybaco
819 821 895 852 fecit
927 820 1189 862 professfionem)
1225 831 1252 852 a.
1280 821 1309 853 d.
1340 824 1419 853 1445
1453 823 1484 854 in
1519 823 1571 854 die
1602 812 1806 865 Magdaletfe.

153 874 214 907 Ob.
231 885 260 906 a.
278 874 325 905 (1.Ιὶ

256 925 313 957 Hii
327 873 448 957 >omnes
471 925 684 966 precedentes
707 924 853 956 fecerunt
876 923 1111 965 professionem
1134 924 1312 955 secundum
1335 924 1471 957 formam
1487 927 1690 968 antiquorum
1705 929 1807 958 statu-

109 987 134 1008 15
153 981 273 1018 torum,
304 988 365 1019 que
393 977 467 1009 talis
496 977 571 1017 fuit,
600 979 636 1008 ut
663 977 821 1018 sequitur:
854 975 944 1018 „Ego
968 975 1004 1008 fr.
1022 975 1062 1007 N.
1079 976 1231 1017 promitto
1260 976 1350 1007 vobis
1379 979 1412 1008 et
1439 977 1501 1008 deo
1529 977 1746 1009 obedientiam
1775 981 1807 1010 et

152 1029 361 1062 stabilitatem
389 1029 456 1061 sine
484 1029 571 1060 omni
597 1029 796 1070 proprietate
826 1030 859 1058 et
880 1032 977 1069 ppos⁰
999 1030 1072 1069 post
1095 1038 1166 1068 vos,
1197 1038 1293 1069 quem
1317 1029 1424 1060 sanior
1446 1039 1520 1071 pars
1543 1030 1806 1071 congregacionis

152 1081 298 1123 elegerit,
322 1080 363 1112 ad
387 1090 590 1112 communem
613 1080 713 1111 vitam
735 1090 793 1121 pro
817 1082 930 1111 eterna
952 1079 1020 1110 vita
1042 1082 1075 1110 et
1098 1079 1280 1120 centuplo.“

253 1132 306 1164 Fr.
323 1132 465 1164 Thomas
488 1132 528 1163 de
548 1131 749 1173 Haynburga
772 1130 849 1163 fecit
871 1131 1104 1172 professionem
1128 1142 1156 1163 a.
1174 1131 1205 1162 d.
1226 1133 1306 1163 1448
1330 1132 1363 1163 in
1386 1132 1438 1163 die
1462 1132 1485 1163 si
1500 1132 1628 1164 Nicolai
1652 1134 1804 1175 episcopi.

151 1183 213 1216 Ob.
230 1195 259 1216 a.
277 1184 337 1226 d.=)

107 1244 133 1264 20
254 1236 321 1267 Iste
344 1235 380 1267 fr.
402 1238 435 1267 et
457 1238 630 1277 sequentes
658 1245 731 1267 eum
758 1235 836 1266 fecit
862 1237 895 1266 et
918 1235 1038 1266 faciunt
1062 1235 1296 1276 professionem
1319 1235 1495 1267 secundum
1518 1246 1633 1267 novam
1657 1236 1804 1278 formam,

149 1298 212 1330 que
235 1288 309 1319 talis
332 1291 393 1319 est:
420 1286 511 1329 „Ego
535 1287 573 1318 fr.
590 1286 621 1318 N
636 1287 789 1328 promitto
814 1286 875 1318 deo
900 1289 933 1318 et
955 1286 1046 1317 vobis
1069 1286 1280 1318 stabilitatem
1304 1290 1337 1318 et
1353 1290 1543 1329 perpetuam
1560 1289 1804 1329 continenciam,

149 1340 331 1371 carenciam
354 1339 476 1381 proprii
499 1341 532 1370 et
555 1338 773 1370 obedientiam
797 1337 973 1369 secundum
997 1338 1144 1380 regulam
1163 1338 1251 1370 beati
1266 1339 1439 1380 Augustini
1455 1339 1505 1380 epi
1521 1342 1554 1370 et
1570 1340 1805 1372 successoribus

148 1392 262 1423 vestris
286 1391 439 1422 canonice
462 1390 664 1422 instituendis
686 1400 744 1431 pro
769 1392 880 1421 eterna
903 1389 968 1421 vita
992 1393 1024 1421 et
1047 1390 1228 1431 centuplo.“

251 1442 291 1474 D.
308 1442 469 1474 Iohannes
493 1442 533 1474 de
556 1441 736 1483 Amberga,
766 1442 886 1483 primus
909 1441 990 1483 prof.
1008 1441 1121 1473 domus
1145 1441 1418 1473 Theotunicorum
1441 1442 1474 1473 in
1497 1442 1651 1484 Wienna,
1682 1443 1723 1474 de
1753 1445 1802 1475 sui

104 1502 129 1522 2⁵
148 1495 352 1536 provincialis
378 1495 508 1526 licentia
536 1493 695 1525 stabilitus
723 1492 783 1525 fuit
811 1494 843 1524 in
869 1493 968 1525 monio
993 1498 1020 1524 s⁰
1043 1492 1239 1535 Doro(thee)
1262 1493 1384 1525 ibidem
1407 1504 1434 1525 a.
1453 1494 1482 1526 d.
1505 1497 1583 1526 1449
1608 1495 1745 1526 Simonis
1769 1498 1802 1527 et

147 1546 237 1579 Iude.
284 1545 346 1578 Ob.
363 1545 482 1587 vero.¹‘)

249 1598 290 1630 D.
307 1598 536 1630 Wenczeslaus
567 1597 606 1629 de
634 1597 727 1629 Nova
751 1597 889 1629 Oivitate
921 1608 1022 1639 prope
1051 1596 1205 1628 Olmunoz
1234 1597 1312 1629 fecit
1338 1598 1602 1640 prof(essionem)
1625 1609 1653 1630 a.
1671 1598 1700 1630 d.
1720 1601 1801 1630 1449

147 1650 286 1682 Simonis
309 1653 342 1681 et
363 1649 455 1681 Iude.
502 1649 563 1681 Ob.
580 1649 730 1692 autem.¹’)

249 1701 289 1733 D.
306 1701 503 1733 Wilhelmus
531 1701 571 1733 de
595 1701 740 1733 Werdea
771 1701 846 1743 (von
875 1701 1060 1733 Swfftbischn
1085 1701 1201 1743 Werd)
1229 1701 1307 1733 fecit
1333 1701 1595 1743 prof(essionem)
1623 1712 1651 1733 a.
1669 1702 1698 1733 d.
1719 1704 1800 1734 1450

101 1760 128 1780 ⁸⁰
145 1754 179 1785 in
202 1753 252 1785 die
269 1753 412 1795 Philippi
436 1756 469 1784 et
484 1753 605 1785 Iacobi.
651 1753 714 1785 Hic
737 1753 798 1785 fuit
820 1754 1001 1795 postulatus
1021 1763 1080 1795 per
1095 1753 1154 1784 d¹¹¹¹²
1170 1754 1400 1794 imperatorem
1417 1753 1616 1784 Fridericum
1632 1755 1800 1796 teroiumc)

146 1816 204 1847 pro
237 1805 340 1846 primo
374 1811 470 1847 ppos⁰
498 1805 540 1837 ad
570 1805 698 1837 Novam
727 1805 900 1838 Civitatem
934 1805 975 1836 ad
1008 1808 1148 1837 castrum
1182 1806 1214 1836 in
1245 1805 1307 1847 dye
1339 1805 1454 1847 purgk.
1513 1804 1574 1836 Ob.
1598 1815 1626 1836 a.
1651 1805 1681 1836 d.
1708 1806 1800 1847 1481,

144 1857 205 1889 III.
222 1857 274 1899 yd.
292 1857 385 1888 Iunii.

249 1909 289 1940 D.
304 1908 471 1940 Conradus
494 1908 535 1940 de
552 1907 738 1951 Grueningu
761 1910 794 1940 in
815 1908 940 1940 Swevia
963 1909 1039 1941 fecit
1060 1909 1323 1951 prof(essionem)
1341 1919 1369 1940 a.
1387 1908 1417 1940 d.
1439 1911 1516 1940 1450
1536 1909 1568 1940 in
1587 1908 1639 1940 die
1655 1908 1801 1950 Philippi

148 1963 181 1991 et
203 1960 324 2001 Iacchi,
349 1960 492 2001 obiitque
515 1971 544 1991 a.
562 1960 591 1991 d.
613 1962 703 2002 1453,
727 1960 818 1992 XVI.
834 1961 900 1992 kal.
918 1961 1077 1993 Octobris.

103 2018 128 2038 ³⁶
250 2011 302 2042 Fr.
321 2011 468 2042 Andreas
490 2011 695 2044 Prunnleiter
724 2011 765 2043 de
788 2011 888 2053 Kling
917 2022 1018 2054 prope
1042 2011 1274 2044 Vekchlsdorff
1297 2022 1344 2043 cv.
1368 2011 1444 2043 fecit
1466 2011 1698 2053 professionem
1722 2022 1750 2043 a.
1769 2011 1799 2043 d.

149 2066 226 2095 1451
255 2066 287 2094 et
309 2063 370 2094 fuit
392 2064 507 2094 missus
531 2063 571 2094 ad
587 2063 793 2095 Rotenmann
817 2074 889 2094 cum
912 2064 1024 2105 primis
1046 2063 1138 2104 frum,
1161 2063 1281 2095 ibidem
1304 2063 1463 2095 stabilitus
1487 2067 1520 2095 et
1542 2074 1571 2095 a.
1589 2063 1618 2095 d.
1637 2065 1717 2095 1485
1740 2074 1800 2105 per

143 2115 351 2157 apoplexiam
374 2118 518 2146 mortuus
541 2115 613 2147 XV.
631 2114 696 2146 kal.
714 2116 862 2157 Augusti.

246 2167 287 2198 D.
304 2166 445 2198 Michael
475 2167 515 2198 de
543 2166 638 2198 Nissa
669 2167 746 2198 fecit
772 2166 1036 2208 prof(essionem)
1062 2177 1091 2198 a.
1109 2167 1138 2198 d.
1159 2169 1239 2198 1452
1267 2167 1498 2208 assumpcionis
1525 2166 1628 2198 Marie
1656 2167 1797 2209 virginis.

145 2218 206 2250 Ob.
223 2229 299 2250 vero
324 2229 352 2250 a.
370 2218 430 2260 d.⁸¹)
801 2255 805 2260 .

98 2275 126 2294 4⁰
248 2270 288 2302 D.
305 2270 458 2302 Nicolaus
482 2270 521 2301 de
539 2270 676 2302 Zittavia
700 2271 777 2302 fecit
799 2270 1061 2313 proffessionem)
1085 2282 1113 2302 a.
1131 2271 1162 2302 d.
1181 2272 1261 2302 1452
1285 2271 1517 2312 assumpcionis
1532 2269 1635 2302 Marie
1656 2271 1796 2312 virginis,

144 2323 232 2364 prius
254 2322 334 2364 prof.
353 2323 384 2352 in
408 2321 516 2359 Glacz,
539 2325 748 2363 mortuusque
774 2325 822 2353 est
845 2333 873 2353 a.
891 2322 951 2364 d.⁸)

246 2374 286 2405 D.
304 2373 486 2415 Stephanus
511 2373 626 2416 Tengk
654 2374 695 2406 de
717 2374 914 2416 Egenburga
944 2384 1008 2405 sac.
1033 2374 1187 2405 secularis
1217 2373 1294 2406 fecit
1321 2373 1584 2416 prof(essionem)
1612 2384 1639 2405 a.
1660 2373 1689 2405 d.
1715 2375 1795 2405 1452

144 2426 375 2467 assumpoionis
390 2425 492 2457 Marie
517 2435 646 2467 semper
667 2426 809 2468 virginis,
833 2429 941 2457 tamen
964 2436 1046 2457 unus
1066 2436 1108 2457 ex
1123 2426 1232 2467 primis
1250 2426 1363 2456 missus
1379 2425 1421 2456 ad
1437 2425 1652 2466 Rotenmann,
1675 2425 1797 2456 ibidem

143 2477 301 2509 stabilitus
325 2480 358 2508 et
380 2477 510 2508 demum
533 2487 562 2508 a.
581 2477 610 2509 d.
631 2479 711 2510 1483
736 2477 905 2509 defunctus
927 2477 1053 2509 XVIII.
1069 2477 1134 2508 kal.
1151 2477 1352 2509 Decembris.

98 2533 125 2552 4⁵
246 2529 285 2560 D.
303 2528 510 2560 Hieronimus
522 2529 713 2571 Voglsangk
737 2539 804 2560 can.
821 2529 957 2560 ecclesie
981 2528 1180 2560 kathedralis
1202 2529 1234 2559 in
1257 2528 1422 2569 Olmuncz,
1447 2528 1559 2559 doctor
1582 2528 1794 2567 decretorum,

143 2591 228 2623 mag.
244 2581 275 2611 in
300 2580 431 2621 artibus,
455 2580 683 2612 baccalaureus
706 2581 738 2612 iu
754 2580 928 2622 theologia,
952 2580 1029 2612 fecit
1044 2580 1277 2622 professionem
1294 2591 1322 2612 a.
1340 2580 1369 2611 d.
1391 2583 1471 2611 1454
1489 2580 1648 2611 dominica
1663 2580 1792 2611 Letare.

143 2631 204 2664 Ob.
221 2642 250 2663 a.
268 2631 299 2663 d.
315 2631 372 2663 VI.
388 2631 441 2673 yd.
458 2632 579 2673 Aprilis
606 2634 696 2664 1467.

245 2761 268 2793 ⁸)
292 2760 421 2786 Numerus
447 2761 523 2787 deest.
633 2760 658 2793 b)
683 2762 776 2786 Annus
803 2765 826 2787 et
850 2761 904 2787 dies
928 2762 1008 2786 obitus
1033 2761 1131 2787 desunt.
1241 2762 1264 2793 c)
1288 2762 1446 2786 Fridericum
1468 2761 1575 2786 tercium
1601 2758 1689 2786 eadem
1713 2769 1793 2786 manu

144 2804 172 2829 in
189 2804 304 2837 mar-qim
322 2804 451 2836 scriptum.
