2150 3178
320 190 384 221 478

323 518 367 546 23.
452 519 486 547 X.
498 519 555 547 kal.

325 830 369 857 24.
438 830 487 857 IX.
498 830 557 857 kal.

329 1347 372 1375 25.
416 1347 492 1374 VIII.
506 1347 561 1374 kal.

332 1748 373 1775 26.
433 1746 493 1773 Vll.
506 1746 563 1773 kal.

336 2197 378 2224 27.
450 2196 496 2222 VI.
510 2196 566 2223 kal.

725 183 994 212 NECROLOGIUM
1012 182 1206 211 CANONIAE
1223 182 1273 209 AD
1291 181 1582 210 S.H1PPOLYTUM.

634 272 789 304 Nicolaus
811 281 904 313 ppos,
922 269 963 302 de
979 269 1157 302 Novacella
1168 269 1206 312 l),
1229 269 1300 312 pbr.
1317 271 1350 301 et
1373 269 1430 301 cfr.
1445 280 1476 301 ιι.
1523 268 1666 301 Thomas
1688 268 1759 312 pbr.
1776 269 1818 302 de
1834 268 1988 302 Gottbico

636 328 670 357 et
696 324 752 357 cfr.
773 335 803 356 n.
849 323 1049 365 Augustinus
1079 321 1120 354 de
1143 321 1324 363 Witignaw
1352 320 1422 363 pbr.
1445 323 1479 353 et
1507 320 1564 353 cfr.
1584 331 1616 352 n.
1660 319 1853 353 Elizabetha
1874 321 1989 354 relicta

635 376 768 408 Andree
785 375 986 417 corigiatoris
1002 384 1126 406 consor.
1143 373 1205 416 n.·)
1239 372 1421 405 Katherina
1436 372 1478 404 de
1494 372 1531 404 8⁰
1541 372 1664 405 Iacobo
1681 382 1804 405 consor.
1819 383 1850 404 n.
1867 371 1988 415 1(4)89.

635 429 669 454 D.
683 427 805 454 Michael
824 426 859 454 de
876 425 909 452 S⁰
921 425 1054 453 Floriano
1073 425 1134 460 pbr.
1147 426 1177 452 et
1195 425 1243 452 cfr.
1255 433 1282 451 n.
1320 424 1350 452 D.
1364 423 1513 451 Udalrieus
1532 424 1566 451 de
1585 423 1779 459 Hertzoburga
1796 423 1858 458 pbr.
1871 425 1902 451 et
1919 432 1989 458 can„

637 471 686 498 eft.
700 480 726 497 n.

584 513 795 556 Sighardus
824 513 962 556 ppos.²)
990 525 1021 545 n.
1046 516 1083 545 et
1109 511 1331 555 archipbr.¹‘)
1380 511 1487 555 [Mag.
1509 511 1693 544 Nicolaus
1721 511 1800 554 pbr.
1825 514 1862 544 et
1891 511 1933 544 fr.
1957 522 1989 543 ιι.

637 565 862 599 Chunradus
885 575 957 597 sac.
975 567 1013 597 et
1035 575 1077 597 m.
1094 565 1130 596 in
1154 564 1296 606 Campo
1318 564 1502 606 liliorum,
1527 563 1592 596 cfr.
1609 575 1640 596 n.
1686 563 1851 607 Geor-ius
1874 574 1990 606 quon-

638 618 722 650 dam
745 619 852 660 prior
875 618 911 649 in
934 616 1317 659 Paugartenperigo),
1341 616 1406 648 cfr.
1423 614 1467 659 n.]
1500 613 1552 649 D.
1569 614 1724 648 Erasmus
1747 615 1911 659 Sewisser‚
1935 617 1991 659 qui

635 673 773 702 testatus
796 672 846 701 est
868 668 910 701 ad
933 669 1165 700 monasterium
1191 670 1230 700 16
1245 668 1386 700 florenos
1409 667 1632 711 Ungaricales.
1679 667 1803 710 Oaspar
1819 667 1992 711 Saczinger

637 721 884 754 Novacellensis
912 723 946 752 et
974 719 1031 752 cfr.
1055 730 1085 752 n.
1139 719 1192 752 Fr.
1216 719 1447 752 Ohristofferus
1475 719 1693 762 Newchinger
1722 719 1792 762 pbr.
1817 723 1851 752 et
1881 730 1924 753 ιιι.
1949 720 1991 753 de

639 773 836 816 Tegernsee‚
859 772 916 804 cfr.
933 783 964 804 n.
1010 777 1054 804 Fr.
1070 775 1212 804 Steffanus
1235 776 1298 811 pbr.
1315 778 1346 804 et
1366 785 1405 804 m.
1421 776 1456 804 de
1479 775 1755 804 Krembsmuenster.

586 824 789 866 Gerungus
811 824 854 856 fr.
871 835 901 855 n.
940 822 1154 855 Gerdrudis
1169 827 1231 854 cv·
1247 826 1286 854 et
1300 833 1371 855 sor.
1387 833 1429 864 n.‚
1453 822 1599 855 oblatio
1617 824 1636 855 3
1648 824 1683 865 β.
1696 828 1722 862 ᾧ.
1758 822 1993 870 [Qidericus

637 875 924 908 Molendinator
939 878 1027 908 aute
1043 877 1207 917 portam,
1225 874 1373 908 oblatio
1386 877 1432 907 60
1447 879 1469 912 o)
1498 874 1692 907 Iohannes
1707 878 1837 908 custos
1852 878 1891 908 et
1906 875 1948 908 fr.
1960 887 1991 910 n.

639 927 782 960 Paulus
805 927 850 959 de
867 926 1079 960 Novacella
1102 927 1182 969 pbr.
1199 931 1237 960 et
1260 926 1324 959 cfr.
1340 937 1371 958 n.
1418 926 1638 968 Stephanus
1661 927 1707 959 de
1722 926 1891 960 Medlico
1913 927 1992 970 pbr.

640 982 678 1011 ct
701 979 765 1011 cfr.
782 977 825 1022 n.]
870 978 910 1011 D.
928 978 1071 1011 Michael
1093 979 1167 1011 abb.
1183 980 1216 1011 in
1233 979 1410 1021 Witignaw
1421 978 1465 1021 ⁸),
1492 978 1562 1020 pbr.
1579 982 1613 1011 et
1634 979 1692 1011 cfr.
1708 989 1739 1011 n.
1783 978 1824 1011 N.
1842 978 1994 1012 Stokohl-

638 1031 798 1064 haffnerin
822 1041 945 1063 consor.
963 1042 993 1063 n.
1039 1030 1080 1063 D.
1098 1031 1260 1064 Iohannes
1278 1030 1583 1063 Wuermukhausen
1606 1030 1648 1064 de
1670 1030 1867 1073 Hyersthaw
1889 1031 1946 1064 cfr.
1961 1042 1993 1064 ιι.

639 1083 693 1116 Fr.
709 1083 873 1115 Iohannes
896 1093 938 1115 m.
959 1083 991 1114 in
1015 1082 1335 1125 Paumgartenmrg,
1364 1082 1434 1125 pbr.
1456 1085 1490 1114 et
1512 1082 1568 1114 cfr.
1586 1093 1616 1114 n.
1660 1081 1788 1115 Nobilis
1810 1082 1996 1116 Petterschi

640 1135 876 1178 prebendarius
898 1136 930 1167 in
954 1136 1043 1167 curia
1059 1135 1218 1173 custodis;
1242 1136 1319 1168 olim
1342 1135 1375 1167 in
1393 1135 1460 1167 vita
1475 1137 1611 1167 testatus
1627 1138 1677 1168 est
1692 1136 1863 1168 conventui
1879 1137 1920 1168 22
1937 1146 1995 1168 au-

641 1198 714 1220 reos
738 1187 952 1229 Ungaricales
974 1187 1042 1230 ind)
1066 1187 1180 1230 viad),
1210 1187 1269 1220 sed
1290 1190 1366 1230 post
1387 1187 1486 1219 vitam
1510 1197 1602 1219 suam
1625 1187 1748 1229 legavit
1770 1197 1901 1220 omnem
1923 1188 1995 1221 the-

643 1250 780 1271 sawrum
805 1250 844 1271 ac
867 1239 994 1281 singula
1018 1239 1104 1272 bona
1126 1239 1168 1271 ad
1192 1239 1363 1272 cenobium
1386 1243 1456 1280 nm,
1485 1239 1538 1271 cui
1561 1238 1614 1271 die
1638 1242 1716 1281 apto
1740 1242 1774 1271 et
1796 1241 1996 1282 competenti

644 1291 828 1333 obligamur
850 1290 995 1333 vigiIIam
1019 1294 1053 1323 et
1074 1292 1180 1323 anniv.

590 1342 817 1375 Wilhalmus
840 1353 891 1375 cv.
913 1346 951 1375 et
974 1343 1015 1375 fr.
1033 1354 1063 1375 n.
1108 1343 1362 1386 Marquardus
1385 1352 1437 1374 cv.
1458 1345 1496 1374 et
1518 1341 1560 1374 fr.
1577 1353 1608 1374 ιι.
1655 1342 1745 1375 Otto
1769 1343 1937 1376 subdiac.
1958 1346 1997 1376 et

643 1394 684 1427 fr.
701 1406 732 1427 n.
778 1394 997 1438 Ebergerus
1019 1405 1071 1427 cv.
1089 1397 1127 1427 et
1149 1395 1191 1427 fr.
1208 1405 1239 1427 n.
1284 1394 1504 1427 Waltherus
1527 1393 1631 1436 dyao.
1649 1397 1687 1426 et
1709 1394 1751 1427 fr.
1767 1406 1797 1427 n.
1844 1393 1997 1438 [Petrus

644 1447 689 1480 de
706 1447 935 1489 Witingnaw
958 1447 1036 1489 pbr.
1054 1450 1092 1479 et
1114 1446 1178 1479 cfr.
1196 1458 1227 1479 n.
1272 1445 1487 1479 Katherina
1510 1445 1556 1478 de
1578 1445 1749 1489 Hagnaw
1769 1446 1996 1488 Grueberin,

645 1498 792 1531 oblatio
811 1499 847 1539 ¹12
865 1499 930 1531 tal.
968 1498 1116 1532 Ibidem
1139 1501 1350 1531 matertera
1370 1498 1453 1530 eius
1469 1497 1823 1531 Wolfenfrauterin.
1861 1497 1997 1530 Alber-

643 1554 704 1582 tus
720 1561 770 1583 cv.
789 1550 957 1583 ecclesie
974 1550 1000 1582 s¹
1016 1550 1202 1591 Floriani,
1219 1550 1284 1582 cfr.
1297 1561 1328 1582 n.
1360 1549 1571 1582 Wandaala
1587 1549 1717 1592 abb⁸‘)
1734 1550 1780 1582 ad
1796 1549 1866 1582 Sum
1880 1549 1997 1592 Spiri-

643 1607 719 1635 tum
736 1604 773 1635 in
789 1603 893 1644 Ibsa‚
917 1613 1062 1635 consor.
1079 1601 1142 1646 n⁵.]
1178 1601 1351 1644 Gerungus
1367 1601 1408 1634 de
1424 1600 1463 1634 S·
1475 1601 1578 1635 Cruce
1594 1601 1664 1644 pbr.
1681 1605 1715 1634 et
1730 1602 1786 1634 cfr.
1799 1613 1830 1634 n.
1863 1607 1898 1634 D.
1912 1606 1998 1635 Geor-

643 1655 708 1690 gius
727 1654 834 1682 Bai-der
852 1654 914 1689 pbr.
932 1656 961 1681 et
979 1663 1040 1681 can.
1059 1654 1157 1681 domus
1176 1654 1197 1680 εἰ
1213 1653 1352 1686 Floriani,
1375 1653 1424 1680 cfr.
1438 1661 1464 1680 n.
1504 1653 1537 1680 D.
1551 1653 1687 1681 Iohannes
1707 1653 1740 1680 ds
1759 1653 1792 1680 S⁰
1805 1653 1917 1680 Andrea
1936 1653 1998 1688 pbr.

646 1700 675 1725 et
693 1698 742 1724 cfr.
754 1699 806 1731 n.⁸)

591 1741 797 1774 Heinricus
819 1740 1098 1773 Harmarchter
1126 1739 1170 1772 de
1194 1739 1368 1780 Wienna‚
1399 1738 1546 1771 oblatio
1570 1742 1589 1771 4
1612 1739 1675 1772 tal.
1697 1743 1725 1777 ολ
1767 1739 2000 1783 [Margareta

644 1804 702 1824 ux.
720 1803 800 1834 sua,
824 1791 1050 1834 Qhunradus
1073 1784 1346 1831 et'Heinricus,
1369 1790 1445 1822 filii
1467 1791 1534 1823 sui.
1573 1790 1726 1823 Ulrieus
1742 1791 1787 1823 de
1804 1790 2000 1824 Sekkovia

645 1855 717 1876 sac.
735 1847 774 1876 et
797 1844 860 1876 cfr.
877 1855 907 1875 ιι.
946 1843 1138 1885 Nycolaus
1161 1853 1233 1875 sac.
1249 1845 1286 1874 et
1308 1853 1351 1874 m.
1367 1842 1414 1874 de
1438 1842 1480 1874 S·
1495 1842 1616 1875 Gruce
1640 1846 1678 1875 et
1700 1843 1765 1875 cfr.
1782 1842 1826 1886 n.]
1870 1843 1911 1876 D.
1929 1843 1999 1876 Ori-

644 1900 777 1929 stanuus
793 1895 929 1928 Senfftel
952 1895 994 1927 de
1011 1895 1148 1927 Staencz
1163 1894 1234 1936 pbr.
1251 1897 1284 1926 et
1307 1894 1363 1926 cfr.
1380 1905 1411 1926 n.
1457 1894 1497 1926 D.
1513 1894 1636 1926 Paulus
1651 1894 1817 1937 Pymisser
1832 1895 1910 1927 olim
1925 1895 1999 1928 abb.

645 1949 678 1980 in
702 1947 946 1990 Seyttensteten
957 1947 995 1990 ⁵),
1018 1946 1088 1989 pbr.
1109 1949 1142 1978 et
1165 1946 1222 1978 cfr.
1238 1956 1269 1977 n.
1314 1945 1354 1978 D.
1371 1945 1514 1978 Thomas
1536 1946 1607 1978 List
1629 1946 1671 1978 de
1693 1946 1879 1989 Newburga
1902 1947 2001 1980 Glau-

646 2000 736 2032 strali
759 1999 829 2041 pbr.
851 2002 885 2031 et
907 1999 963 2031 cfr.
980 2010 1011 2031 n.
1028 1998 1153 2041 (14)92.
1198 1997 1374 2040 Yppolitus
1396 1998 1549 2040 pileator‚
1579 1998 1599 2029 l.
1623 2001 1657 2030 et
1679 1998 1736 2030 cfr.
1752 2009 1800 2039 n.‚
1831 1999 1886 2041 qui
1908 1999 2002 2032 nobis

647 2053 700 2094 pie
724 2051 883 2083 subvenit.
928 2049 1095 2082 Erhardus
1114 2049 1372 2091 Widerspacher
1394 2049 1435 2082 de
1458 2050 1722 2092 Berchtersgadn
1744 2050 1814 2092 pbr.
1836 2053 1870 2082 et
1892 2050 1949 2083 cfr.
1969 2062 2001 2083 n.

645 2103 774 2130 Etasmus
786 2102 949 2137 predicator
961 2101 990 2128 in
1003 2101 1202 2136 Petersgaden,
1214 2100 1276 2135 pbr.
1289 2104 1319 2128 et
1331 2100 1380 2128 cfr.
1391 2109 1418 2128 ιι.
1451 2101 1568 2128 Ioannes
1582 2101 1695 2128 Pramer
1707 2101 1881 2129 decretorum
1895 2101 2002 2135 doctor,

649 2156 708 2174 can.
722 2146 960 2189 Salczpurgepsis,
978 2145 1039 2180 pbr.
1053 2146 1083 2172 et
1102 2146 1149 2172 cfr.
1163 2154 1190 2172 n.

595 2191 687 2223 Otto
711 2191 811 2233 pleb.
828 2191 864 2222 in
890 2188 1182 2231 Aspeinstorf⁶),
1212 2189 1277 2220 cfr.
1294 2199 1334 2230 n.‚
1359 2187 1506 2220 oblatio
1529 2189 1575 2219 20
1594 2192 1624 2224 ᾤ’
1659 2187 1858 2231 Wilbirgis
1881 2193 1943 2221 cv*
1965 2192 2004 2222 et

649 2253 719 2274 sor.
741 2253 772 2275 n.
819 2241 1035 2285 [Philippus
1064 2241 1109 2273 de
1133 2240 1467 2273 chremsmunster
1488 2239 1566 2282 pbr.
1588 2243 1627 2272 et
1649 2240 1713 2272 cfr.
1734 2251 1765 2272 n.
1810 2240 2003 2274 Iohannes

649 2295 728 2337 pbr.
745 2295 790 2326 de
807 2294 1078 2335 Herczwurga,
1102 2293 1166 2325 cfr.
1183 2304 1213 2325 n.
1254 2293 1417 2325 Thomas
1441 2291 1487 2324 de
1505 2291 1546 2324 S⁰
1557 2291 1712 2323 Andrea
1734 2291 1812 2333 pbr.
1828 2294 1867 2324 et
1889 2292 1954 2324 cfr.
1970 2303 2001 2325 ιι.

650 2347 843 2378 Iohannes
870 2346 949 2387 pbr.
974 2345 1018 2378 de
1041 2345 1275 2387 Herzwurga
1302 2347 1340 2377 et
1366 2344 1431 2376 cfr.
1448 2354 1478 2375 ιι.
1528 2343 1769 2376 Hermannus
1795 2343 1874 2385 pbr.
1898 2347 1937 2376 et
1957 2354 2001 2376 m.
2055 2356 2059 2365 ·

649 2399 687 2430 in
709 2398 751 2430 δ’·
771 2398 906 2438 Oruce,
941 2397 1018 2439 pbr.
1042 2401 1080 2429 et
1107 2397 1171 2429 cfr.
1192 2396 1236 2439 n.]
1282 2395 1496 2428 Berchtoldus
1520 2395 1684 2438 quondam
1706 2406 1798 2438 ppos.
1819 2396 1853 2427 in
1876 2395 2002 2438 Stena,

649 2450 718 2492 pbr.
742 2453 775 2481 et
798 2449 854 2481 cfr.
871 2461 902 2481 n.
947 2449 1110 2481 Iohannes
1133 2448 1202 2490 pbr.
1224 2448 1265 2480 de
1289 2447 1413 2490 Campo
1436 2447 1592 2489 liliorum,
1621 2447 1677 2479 cfr.
1693 2458 1725 2479 ιι.
1770 2446 1937 2479 Erhardus
1958 2458 2001 2480 m.

654 2502 694 2534 de
722 2501 899 2542 Gottwioo,
929 2501 999 2542 pbr.
1024 2503 1057 2532 et
1086 2500 1142 2532 cfr.
1162 2511 1193 2532 n.
1246 2504 1365 2532 Georius
1384 2504 1493 2531 Waker
1520 2512 1582 2531 can.
1603 2503 1730 2536 Wienn.,
1761 2503 1823 2538 pbr.
1845 2505 1876 2531 et
1901 2503 1952 2531 cfr.
1972 2513 2001 2532 n.

446 2616 471 2647 ⁸)
490 2615 606 2641 Nomina
628 2616 704 2641 huius
727 2615 778 2640 diei
799 2615 930 2647 sequentia
951 2622 1033 2646 supra
1055 2617 1143 2638 notam
1161 2613 1295 2638 cuiusdam
1313 2611 1419 2644 αηιιίυῑῑ,
1442 2620 1507 2644 quac
1529 2619 1599 2636 nunc
1621 2611 1670 2643 leyi
1690 2611 1789 2643 nequit,
1814 2611 1912 2644 scripta
1935 2615 2002 2637 aunt.

342 2658 367 2691 b)
387 2659 462 2684 Haec
475 2663 537 2684 nota
550 2660 635 2684 colore
648 2659 727 2683 rubro
739 2658 837 2690 scripta
849 2662 891 2683 est.
986 2656 1009 2689 c)
1029 2656 1142 2689 Corriq.:
1160 2656 1415 2688 Paumgartenperig.
1507 2653 1532 2686 d)
1552 2653 1607 2680 Hic
1618 2654 1746 2679 iteratum.
1838 2654 1862 2686 θ)
1882 2653 2004 2686 Sequitur

341 2710 435 2727 ‘nomen
453 2701 571 2727 radendo
590 2702 707 2728 deletum.

451 2778 470 2811 ¹)
488 2777 621 2804 Nicotaus
639 2777 683 2804 II.
700 2779 876 2809 1379—1413,
901 2784 953 2810 quo
970 2783 1045 2802 armo
1058 2775 1243 2809 praelaturam
1261 2775 1416 2808 resignavit,
1442 2774 1482 2801 ob.
1496 2782 1521 2800 a.
1534 2776 1607 2800 1418.
1715 2773 1735 2806 ²)
1755 2772 1801 2800 Ob.
1812 2775 1874 2806 post
1890 2780 1916 2798 α.
1929 2775 2002 2799 1209.

345 2821 366 2852 ³)
391 2820 435 2847 Ob.
450 2829 475 2847 a.
489 2824 561 2847 1476.

670 2822 690 2854 ⁴)
711 2820 757 2847 Ob.
771 2829 797 2847 α.
811 2822 887 2846 1384.
995 2821 1015 2852 ⁵)
1035 2822 1200 2846 1465-1477.
1309 2818 1329 2852 Θ)
1348 2818 1420 2844 Eius
1437 2826 1463 2844 a.
1475 2820 1543 2848 1227
1557 2816 1589 2842 in
1606 2815 1749 2850 diplomate
1766 2815 1865 2843 mentio
1879 2814 1918 2848 fit.
