2150 3178
532 195 798 224 NECROLOGIUM
817 195 1008 223 CANONIAE
1025 195 1074 223 AD
1092 195 1118 222 S.
1131 194 1381 222 HIPPOLYTUM.
1721 197 1783 228 497

439 293 470 314 11.
492 285 582 314 1451.
617 282 817 324 Pangracius
833 282 874 314 de
890 281 1185 324 Herczogenburga
1201 282 1269 324 pbr.
1288 285 1321 314 et
1337 282 1392 314 cfr.
1409 282 1470 324 n.⁸)
1505 281 1676 324 Philippus
1692 292 1784 324 ppos.

439 333 533 365 monii
551 334 580 365 ni
591 334 628 375 ¹),
651 334 720 375 pbr.
738 336 771 365 et
785 334 823 365 fr.
839 344 881 374 n.‚
908 335 999 365 1466.
1044 334 1098 365 Fr.
1114 334 1322 376 Laurencyus
1345 333 1488 366 subdiac.
1506 333 1547 365 de
1563 333 1784 376 Herzobmga,

441 385 496 417 cfr.
505 396 536 416 n.
560 385 653 417 Vitus
665 385 882 417 Hoeehsteter
895 385 1055 427 nobilista,
1070 385 1091 417 l.
1105 385 1212 426 cfr.n.,
1229 396 1257 417 a.
1269 384 1394 427 (14)88.
1425 390 1613 421 Bernhardus.
1626 389 1785 423 Zaehhrias,

441 436 688 470 Baumburgenses,
708 435 774 462 cfr-⁰⁸
791 436 853 468 ΒΨ)
889 435 920 462 D.
936 435 1121 471 Wolfgangus
1139 436 1230 463 senior
1247 437 1309 471 pbr.

129 483 174 513 30.
260 484 294 511 Π.
309 483 364 510 kal.
392 478 586 511 Gerwicus
616 490 666 511 cv.
691 482 730 510 et
758 479 799 511 fr.
824 490 852 510 n.
907 479 1178 521 Ohunegundis
1207 490 1259 512 cv.
1282 482 1320 511 et
1349 490 1419 511 sor.
1443 490 1473 510 n.
1526 478 1787 521 Engelbertus

147 1641 172 1669 1.
307 1639 364 1670 kal.
393 1638 439 1670 Al

440 531 518 573 pbr.
540 533 577 563 et
599 531 641 562 fr.
658 541 688 562 n.
733 531 885 563 Ulrieus
907 530 985 572 pbr.
1006 532 1042 562 in
1062 531 1325 571 Wasthausen,
1356 531 1421 563 cfr.
1438 530 1496 572 n.⁰)
1541 529 1717 573 [Iacobus
1740 531 1786 563 de

440 582 652 614 Novacella
681 581 760 623 pbr.
784 585 824 613 et
853 581 917 614 cfr.
938 593 969 613 n.
1022 582 1184 614 Thomas
1211 582 1361 614 Schettl
1391 593 1433 614 m.
1458 582 1504 614 de
1535 581 1576 613 S·
1600 580 1719 614 Gruce
1748 585 1787 614 et

441 634 504 666 cfr.
521 644 552 665 n.
590 633 751 665 Georius
772 633 902 665 senior
922 633 1063 666 ibidem
1087 644 1129 665 m.
1146 637 1183 666 et
1204 634 1267 665 cfr.
1285 633 1326 676 n.]
1364 634 1521 665 Martinus
1542 633 1616 665 abb.
1633 633 1674 665 de
1691 633 1786 665 Gott-

440 686 510 717 vico
520 685 559 727 ²),
583 684 652 726 pbr.
671 688 704 716 et
726 684 782 716 cfr.
799 695 829 716 n.
874 684 1073 726 Pangracius
1096 685 1164 726 pbr.
1186 685 1227 717 de
1251 685 1288 717 δ’
1308 685 1411 718 Cruce
1436 688 1469 717 et
1491 685 1546 717 cfr.
1563 696 1594 716 n.
1639 684 1788 717 Elizabet

440 737 503 769 mffl
526 735 619 768 mon*i
641 735 665 767 si
687 735 799 768 Iacobi
822 736 854 767 in
878 735 1028 777 Wienna,
1059 747 1181 768 consor.
1198 747 1228 767 n.
1273 737 1313 768 D.
1331 736 1553 778 sigismundus
1575 736 1788 778 Kollnpegkh

441 788 482 820 de
505 787 771 829 Berchtesgaden
794 787 864 829 pbr.
882 790 915 819 et
938 787 993 819 efr.
1011 798 1041 819 n.
1087 787 1127 819 D.
1145 788 1356 820 Gorbinianus
1379 788 1563 820 cellerarius
1586 788 1627 820 de
1642 788 1787 820 Unders-

442 839 526 881 tarff,
549 839 618 881 pbr.
639 842 673 871 et
694 839 751 871 cfr.
767 850 797 871 n.
843 838 895 870 Fr.
914 838 1079 871 Cristanus
1102 849 1148 872 cv.
1170 840 1203 870 in
1225 839 1302 880 Ror,
1331 839 1386 871 cfr.
1403 851 1433 871 n.
1480 840 1519 872 A.
1537 839 1568 871 d.
1588 841 1669 872 1488
1693 840 1788 872 Vitus

441 891 653 923 Hochstetter
676 890 767 922 dedit
789 890 881 922 nobis
905 891 1002 921 annui
1025 901 1139 922 census
1167 893 1202 922 17
1220 895 1286 928 wo).
1332 891 1383 923 Ob
1399 891 1460 922 hoc
1477 890 1659 933 obligamur
1674 901 1731 923 nos
1755 894 1789 924 et

442 952 643 975 successores
672 942 702 974 ni
728 942 862 984 singulis
890 942 1140 974 hebdomatibus
1170 943 1282 984 legere
1314 953 1411 974 unam
1440 943 1572 974 missam
1600 943 1632 974 in
1663 943 1788 985 capella

442 994 466 1025 si
482 993 674 1035 Sebastiani,
698 1004 795 1036 quam
817 994 898 1036 legit
920 994 1078 1035 priorista.
1125 993 1264 1026 Demum
1289 994 1470 1036 obligamur
1493 995 1523 1026 ei
1546 995 1679 1037 singulis
1698 996 1788 1027 annis

442 1055 600 1088 peragere
629 1055 728 1077 unum
757 1046 862 1078 anniv.
879 1045 940 1077 ΠΙ.
958 1045 1023 1077 kal.
1038 1045 1160 1087 Aprilis
1190 1046 1242 1077 vel
1271 1046 1303 1077 in
1332 1049 1446 1078 octava
1473 1047 1506 1077 in
1532 1046 1617 1078 hunc
1640 1047 1786 1079 modum:

442 1098 546 1140 primo
575 1097 673 1129 debet
701 1098 868 1139 preparari
896 1098 1050 1130 feretrum
1080 1108 1153 1129 cum
1176 1108 1282 1139 panno
1306 1108 1404 1129 aureo
1429 1100 1462 1129 et
1485 1107 1556 1129 cum
1583 1099 1622 1129 12
1646 1098 1788 1130 candelis

440 1150 473 1180 in
493 1149 618 1191 capella
634 1149 657 1180 si
674 1148 858 1181 Sebastiani
880 1159 953 1181 cum
969 1160 1087 1192 magno
1103 1149 1199 1191 pulsu
1215 1152 1249 1181 et
1263 1150 1377 1181 maiori
1393 1150 1518 1191 vigilia3
1542 1150 1621 1181 item
1643 1150 1676 1181 in
1691 1160 1788 1182 mane

442 1201 546 1243 primo
575 1200 674 1232 debet
697 1201 820 1232 cantari
846 1203 855 1231 1
885 1201 1026 1232 officium
1050 1200 1090 1232 de
1114 1201 1333 1242 assumptione
1356 1201 1452 1233 beate
1475 1201 1578 1232 Marie
1602 1202 1733 1243 virginis
1755 1201 1788 1233 in

442 1251 557 1284 eadem
581 1251 717 1294 capella,
741 1255 855 1294 postea
879 1252 977 1285 debet
999 1253 1121 1284 cantari
1144 1253 1240 1284 missa
1263 1263 1321 1294 pro
1346 1252 1504 1284 defunctis
1524 1262 1596 1284 cum
1611 1263 1675 1284 una
1691 1253 1788 1285 missa

443 1303 590 1335 dicenda.
635 1303 715 1336 Post
737 1304 941 1345 evangelium
964 1304 1021 1335 fiat
1042 1314 1106 1336 una
1129 1304 1290 1346 generalis
1314 1304 1416 1335 oratio
1437 1314 1494 1345 pro
1511 1304 1618 1336 anima
1632 1305 1733 1345 ipsius
1756 1307 1789 1336 et

443 1355 595 1387 omnium.
646 1355 730 1387 Item
758 1355 938 1397 obligamur
966 1356 1064 1387 etiam
1092 1355 1208 1387 eodem
1237 1355 1289 1387 die
1313 1356 1425 1397 legere
1449 1358 1467 1387 4
1491 1356 1605 1386 missas
1628 1355 1787 1387 fundatas.

442 1406 535 1438 Idem
557 1406 704 1439 fundavit
725 1407 891 1449 perpetuis
914 1406 1149 1439 ebdomadibus
1172 1407 1306 1449 singulis
1324 1407 1441 1449 quintis
1457 1407 1544 1438 feriis
1561 1407 1701 1438 officium
1718 1417 1787 1439 cor-

442 1459 529 1500 poris
553 1457 670 1490 Christi
694 1469 766 1490 cum
788 1458 1006 1500 indulgentiis.

882 1564 1002 1600 MAIU
1008 1565 1044 1600 S.

445 1638 611 1681 bertus³)
628 1649 695 1671 rex
710 1639 963 1671 Romanorum
987 1640 1143 1671 occisus.
1183 1638 1332 1681 [Haimo
1355 1639 1436 1680 pbr.
1455 1638 1499 1671 de
1516 1638 1655 1680 Campo
1676 1638 1788 1680 lylio-

444 1700 525 1722 rum
541 1693 579 1722 et
595 1690 659 1722 cfr.
675 1701 705 1723 n.
739 1690 935 1723 Fridricus
950 1691 1030 1733 pbr.
1048 1690 1092 1723 de
1108 1690 1454 1731 Chremsmfinster,
1471 1690 1536 1722 cfr.
1548 1701 1578 1721 n.
1613 1690 1788 1722 Walchu-

442 1752 509 1773 nus
531 1742 608 1784 pbr.
626 1743 790 1775 ecclesie
814 1742 1071 1784 Secoviensis‚
1095 1742 1160 1774 cfr.
1177 1741 1221 1785 n.]
1265 1741 1488 1774 Wernhardus
1511 1742 1581 1783 pbr.
1598 1744 1631 1773 et
1653 1742 1739 1783 pleb.
1756 1743 1789 1773 in

442 1793 671 1836 Gaenezpach‚
699 1794 756 1826 cfr.
777 1805 807 1826 n.
860 1794 1047 1826 Cristannus
1073 1805 1102 1825 n.
1123 1793 1229 1825 fidelis
1257 1793 1424 1825 familiaris
1452 1793 1576 1836 (14)51.
1627 1793 1790 1826 Iohannes

442 1844 559 1877 Sbarcz
583 1845 623 1878 de
638 1845 825 1888 Newburga
847 1846 917 1888 pbr.
935 1849 968 1878 et
991 1846 1046 1878 cfr.
1064 1857 1095 1878 n.
1133 1845 1348 1877 Wenceslaus
1372 1845 1412 1876 de
1433 1844 1695 1877 Kremsmunster
1718 1845 1788 1887 pbr.

443 1899 475 1928 et
494 1896 550 1928 cfr.
567 1907 597 1928 n.
635 1896 676 1929 D.
689 1897 919 1940 Wolfganusd)
937 1897 977 1929 de
989 1897 1130 1929 Wienna
1145 1896 1215 1938 pbr.
1232 1900 1265 1928 et
1285 1907 1356 1928 nov.
1373 1907 1403 1928 n.
1420 1907 1448 1928 a.
1465 1896 1588 1938 (14)85.
1627 1896 1789 1928 Iohannes

441 1948 681 1990 Holczhaymer
703 1948 743 1981 de
760 1948 965 1991 Newbuerga
987 1948 1056 1990 pbr.
1074 1951 1107 1980 et
1124 1949 1180 1980 cfr.
1197 1959 1227 1979 n.
1266 1948 1306 1980 D.
1324 1947 1466 1980 Thomas
1481 1947 1589 1979 Posch
1605 1948 1646 1979 de
1662 1947 1788 1980 Herco-

441 1999 544 2041 burga
567 1999 638 2041 pbr.
655 2003 688 2032 et
710 2000 766 2032 cfr.
782 2011 813 2032 n.
858 2005 999 2032 Iohannes
1023 2004 1103 2032 Graff
1123 2013 1157 2032 ex
1179 1999 1270 2031 1110111ο
1293 2004 1491 2038 Saytnstetten
1515 2004 1563 2031 cfr.
1579 2013 1607 2031 n.

132 2047 172 2082 '2.
243 2053 292 2081 VI.
305 2063 369 2082 non.
391 2050 596 2083 Heinricus
619 2051 661 2083 fr.
678 2062 708 2083 11.
753 2051 1009 2083 Hartmannus
1032 2052 1053 2083 l.
1076 2054 1114 2084 et
1137 2051 1177 2083 fr.
1194 2062 1224 2083 n.
1270 2050 1541 2094 [Perchtoldus
1568 2050 1613 2082 de
1637 2050 1787 2083 Wesen-

442 2102 586 2135 dorset
608 2113 666 2135 ux.
683 2114 748 2135 sua
771 2102 893 2144 Grisla„
924 2104 987 2146 qui
1010 2103 1238 2145 legaverunt
1260 2113 1368 2134 unam
1391 2103 1537 2134 vineam
1560 2102 1597 2133 in
1613 2102 1788 2134 Walhen-

441 2154 538 2186 veld.
589 2154 746 2187 Ulricus
775 2155 853 2196 pbr.
878 2155 923 2187 de
947 2154 1277 2187 Ohremsmunster
1304 2157 1341 2185 et
1369 2154 1433 2185 cfr.
1450 2164 1480 2185 n.
1531 2153 1622 2185 Otto
1651 2164 1730 2185 can.
1752 2157 1790 2186 et

442 2206 520 2248 pbr.
545 2205 860 2249 Salczburgensis
890 2206 1069 2247 ecclesie,
1101 2206 1167 2238 cfr.
1190 2217 1220 2238 n.
1274 2205 1469 2247 Sehirone)
1500 2204 1578 2246 pbr.
1602 2207 1639 2237 et
1669 2205 1733 2237 cfr.
1756 2216 1787 2237 11.

442 2257 592 2289 Wentel
619 2257 663 2290 de
687 2257 847 2290 Secovia
874 2258 959 2300 mm,
990 2268 1135 2290 consor.
1156 2269 1186 2289 n.
1237 2257 1462 2289 Chunradus
1492 2256 1583 2288 diac.
1609 2259 1646 2288 et
1676 2267 1718 2288 m.
1743 2257 1788 2289 de

444 2308 584 2351 Campo
608 2309 775 2341 liliorum
799 2312 836 2342 et
858 2310 922 2342 cfr.
940 2309 984 2352 n.]
1029 2309 1217 2351 Margretha
1233 2309 1434 2351 Cingulatrix
1457 2318 1519 2339 sor.
1536 2319 1565 2340 n.
1608 2307 1788 2349 Dyemudis

443 2359 484 2392 de
500 2360 779 2403 Berthelczgarn‘)
796 2371 919 2393 consor.
935 2372 965 2393 11.
1003 2361 1163 2393 Henricus
1186 2361 1226 2392 de
1242 2360 1419 2402 Witignaw
1442 2360 1511 2401 pbr.
1529 2362 1562 2390 et
1585 2359 1640 2391 cfr.
1657 2370 1687 2391 n.
1732 2359 1787 2391 Io-

442 2411 565 2444 hannes
588 2411 760 2445 Guentlich
783 2413 875 2455 dyac.
892 2413 933 2445 de
950 2413 1080 2445 Staentz
1103 2416 1136 2445 et
1159 2411 1215 2444 cfr.
1233 2422 1263 2443 n.
1308 2411 1425 2443 Petrus
1444 2410 1555 2442 Mandl
1578 2410 1732 2451 carnifex,
1755 2410 1787 2452 l.‚

443 2461 562 2494 Ursula
589 2474 643 2495 ux.
665 2474 737 2505 sua,
767 2465 821 2506 qui
848 2465 940 2496 nobis
963 2465 1072 2496 testati
1095 2467 1168 2495 sunt
1193 2466 1231 2495 10
1248 2462 1302 2494 tal.
1321 2468 1358 2503 03„
1391 2463 1461 2503 ipsa
1484 2462 1517 2492 in
1539 2464 1688 2503 prompto
1712 2473 1786 2503 por-

442 2516 604 2546 rexerunt.
638 2514 779 2547 Michael
795 2515 835 2547 de
849 2515 1085 2557 Quoettwicoss)
1102 2515 1284 2556 celerarius,
1301 2514 1370 2555 pbr.
1384 2516 1417 2545 et
1433 2513 1488 2545 cfr.
1502 2524 1532 2544 11.
1570 2513 1656 2554 Mag.
1669 2513 1787 2545 Petrus

443 2565 556 2598 Hierss
587 2566 628 2598 de
655 2566 862 2609 Newbuerga
892 2567 961 2609 pbr.
985 2570 1018 2598 et
1049 2566 1104 2598 cfr.
1126 2566 1189 2607 n.*¹)
1240 2571 1284 2597 Fr.
1302 2570 1441 2597 lohannes
1469 2569 1660 2597 Stockhamer
1687 2570 1736 2597 cfr.
1756 2579 1785 2597 n.

239 2664 262 2695 ²)
283 2663 414 2697 &quentis
440 2665 550 2691 nominis
576 2670 638 2691 noea
663 2666 825 2699 necroloyica
851 2666 941 2691 litteris
964 2666 1051 2690 rubria
1076 2665 1180 2697 scripta.
1284 2664 1310 2697 b)
1329 2664 1450 2697 Sequitur
1476 2669 1538 2690 nota
1563 2664 1632 2689 linea
1656 2664 1786 2689 exstincta.

135 2705 159 2738 c)
184 2706 304 2740 Sequitur
331 2708 402 2733 locus
428 2716 504 2734 rasus
530 2717 610 2733 unam
636 2708 731 2734 lineam
757 2710 930 2742 complectens.
1044 2707 1069 2741 d)
1095 2708 1207 2740 Uarr-iq„-
1233 2708 1412 2740 Wolfgangus.
1522 2707 1544 2738 θ)
1568 2706 1655 2732 Lectio
1678 2707 1785 2732 incerta.

133 2748 155 2782 f)
174 2749 198 2775 Ι.
211 2758 232 2776 e.
244 2750 459 2783 Berchtosgaden.
563 2752 588 2784 Β)
608 2751 652 2778 Sic
670 2752 726 2777 cod.
830 2751 856 2784 ¹¹)
875 2752 960 2777 Lectio
978 2751 1102 2783 sequentis
1119 2751 1231 2776 *nominis
1248 2751 1354 2776 incerta.

240 2812 261 2847 ¹)
280 2812 422 2847 Philimms
441 2814 480 2841 Π.
494 2817 668 2841 1456-1466.
774 2815 796 2845 ²)
814 2817 986 2841 1457—1468.
1092 2815 1113 2847 ³)
1132 2813 1254 2840 Albertus
1271 2813 1296 2840 I.
1309 2821 1333 2839 a.
1349 2815 1415 2840 1308
1433 2812 1540 2839 occisus.

239 2864 323 2891 Nmn.
336 2864 441 2893 Punv.
1545 2863 1579 2890 63
