2150 3178
570 168 835 197 NECROLOGIUM
855 168 1044 197 OANONIAE
1062 169 1111 196 AD
1130 169 1156 197 S.
1169 169 1419 198 HIPPOLYTUM.
1759 174 1822 203 479

478 255 510 281 D.
525 255 678 282 Bernartius
697 255 761 282 abb.
779 254 812 281 de
831 254 864 281 S&
877 254 1003 288 Cruce¹),
1026 255 1086 290 pbr.
1104 257 1133 282 et
1151 256 1199 282 esr.
1217 265 1244 283 n.
1281 256 1312 283 D.
1326 256 1450 283 Andreas
1470 256 1503 283 de
1522 256 1555 283 So
1568 256 1698 284 Floriano
1717 257 1779 291 pbr.
1793 259 1822 284 et

478 298 527 325 cfr.
539 307 565 324 n.
601 297 633 324 D.
648 297 828 324 Ohuenradus
846 297 944 324 Hintel
963 298 997 325 de
1015 298 1191 333 Beyharting
1209 299 1269 333 pbr.
1283 300 1312 326 et
1330 299 1378 326 cfr.
1391 308 1417 326 n.
1454 299 1560 334 Caspar
1578 299 1684 327 Ganser
1703 308 1783 327 cocus
1802 300 1821 326 l.

477 340 591 372 ibidem,
610 340 657 367 cfr.
670 349 696 366 n.

171 393 213 421 28.
295 394 329 421 V.
342 394 402 420 kal.
428 387 648 420 Bernardus
671 398 722 419 cv.
740 391 777 419 et
800 387 842 419 fr.
858 388 919 430 n.⁸)
957 388 1144 420 Gebolfus
1167 399 1218 420 cv.
1236 392 1273 421 et
1295 389 1336 421 fr.
1353 400 1382 421 n.
1430 389 1532 432 [Orto
1556 391 1734 432 pellifex,
1758 391 1821 422 ob-

478 440 573 471 latio
597 441 642 471 60
659 443 684 476 ο).
730 439 942 471 Katherina
964 439 1159 482 Tagnerin
1181 451 1324 472 consor.
1340 452 1370 472 n.
1416 441 1555 473 Petrus
1577 442 1654 483 pbr.
1673 445 1709 474 et
1731 453 1773 474 m.
1790 442 1820 474 b.

477 490 638 532 virginis
661 491 696 521 in
720 490 879 531 Zwetla,
910 491 974 522 cfr.
991 502 1021 523 n.
1066 491 1257 524 Iohannes
1281 492 1373 524 diac.
1392 495 1429 524 et
1451 503 1507 534 m.‚
1539 493 1603 524 cfr.
1620 505 1650 524 n.
1695 493 1821 535 Heyn-

477 541 613 583 ricusb)
641 541 686 573 de
714 541 1041 583 Herczognburga
1068 542 1146 584 pbr.
1170 547 1207 575 et
1234 543 1298 575 cfr.
1320 543 1364 586 n.]
1409 544 1450 575 D.
1467 544 1608 576 Thomas
1636 544 1676 576 de
1700 544 1822 576 Zwetel

475 587 545 635 pbr.
567 596 600 624 et
623 593 678 624 cfr.
695 604 726 624 n.
770 593 969 635 Pangracius
997 593 1038 626 de
1061 594 1189 626 Mellioo
1213 595 1294 627 diac.
1315 598 1348 627 et
1371 595 1426 627 cfr.
1443 606 1472 627 n.
1518 595 1558 627 D.
1577 595 1822 638 WVolfg(angus)

475 644 590 676 Madel¹
610 644 680 686 pbr.
698 647 731 676 et
747 644 784 676 fr.
800 655 830 676 n.
869 649 1022 683 Seyffridus
1038 650 1137 677 Piesch
1153 645 1269 688 comino)
1286 660 1396 679 camere
1412 652 1487 686 regis
1502 651 1628 686 Ungarie
1635 647 1663 689 ⁴¹)
1680 653 1709 679 et
1725 652 1774 679 cfr.
1792 661 1821 678 n.

476 695 551 730 Mag.
565 694 699 729 Georgius
712 694 811 722 Mfincz
829 695 864 722 de
878 695 911 722 Sss
924 695 1009 723 Cruce
1028 696 1088 730 pbr.
1102 698 1131 723 et
1149 698 1235 723 cfr.=n.
1273 697 1347 731 Mag.
1361 698 1478 725 Ioannes
1489 697 1687 731 Eyssendorfer
1706 700 1735 725 et
1749 697 1821 724 diac.

476 737 686 772 Neuburgensis
704 739 733 764 ef,
751 737 799 764 cfr.
812 747 839 764 n.
855 738 930 765 1521.

166 789 207 816 29.
281 789 398 817 1V.ka.l.
425 786 631 818 Heinricus
657 785 785 817 Nanus
812 785 959 826 Patav.,
995 786 1143 818 oblatio
1175 787 1210 823 ¹12
1238 787 1301 818 tal.
1357 788 1576 830 Meingotus
1608 791 1820 830 tuemppos.

474 837 647 879 Patav.²),
673 837 774 879 dyac.
792 840 830 869 et
853 837 918 869 cfr.
935 848 966 869 n.
1003 838 1231 870 Wernherus
1250 838 1328 880 pbr.
1348 839 1391 870 de
1407 838 1639 881 Neunburga
1656 843 1694 871 et
1709 840 1773 872 cfr.
1791 852 1820 872 n.

478 888 710 931 [Gerhardus
739 899 791 920 cv.
816 891 853 920 et
881 889 923 920 fr.
944 900 974 920 n.
1027 888 1170 930 Sophia
1198 895 1259 922 cva
1283 890 1328 922 de
1355 890 1668 933 Herczenburga,
1699 903 1769 924 sor.
1790 903 1821 924 n.

474 940 616 972 Paulus
638 939 805 971 Flander
834 940 912 981 pbr.
938 940 983 972 de
1014 940 1054 972 S⁰
1074 940 1269 981 Floriano,
1301 942 1365 973 cfr.
1387 941 1431 984 n.]
1481 942 1689 974 Bernhardus
1718 943 1821 974 dictus

476 991 644 1024 Pernoder
660 991 700 1024 de
713 991 911 1034 Neunburga
926 991 996 1033 pbr.
1010 995 1043 1023 et
1059 992 1114 1023 cfr.
1128 1003 1157 1024 n.
1192 993 1390 1025 Laurencius
1406 993 1447 1025 de
1458 993 1577 1025 Voraw
1592 994 1661 1036 pbr.
1674 997 1706 1026 et
1721 995 1777 1026 cfr.
1790 1006 1820 1027 n.

474 1043 664 1075 Ambrosius
688 1042 728 1074 de
743 1042 784 1076 ,8⁰
800 1042 951 1074 Floriano
975 1043 1044 1085 pbr.
1063 1046 1096 1075 et
1119 1044 1175 1075 cfr.
1195 1055 1226 1075 n.
1271 1044 1311 1076 D.
1328 1045 1445 1076 Petrus
1462 1046 1568 1076 senior
1583 1045 1625 1076 ad
1641 1045 1700 1077 ΒΜ]
1715 1045 1820 1077 Doro-

474 1094 584 1126 theam
597 1094 726 1126 Wienn.
742 1093 811 1136 pbr.
829 1097 863 1126 et
878 1095 934 1126 cfr.
951 1105 981 1126 n.
1019 1100 1095 1135 Mag.
1106 1100 1276 1127 Vincencius
1293 1109 1354 1127 can.
1367 1100 1585 1136 Neuburgensis,
1601 1101 1662 1136 pbr.
1678 1103 1707 1129 et
1722 1102 1772 1129 cfr.
1783 1111 1821 1135 n.,

475 1146 550 1172 1514.
591 1145 665 1179 Mag.
680 1145 797 1172 Ioannes
817 1145 919 1172 Plance
945 1147 974 1173 elz
998 1146 1072 1180 pleb.
1090 1146 1297 1181 Neuburgensis
1321 1148 1350 1173 et
1372 1147 1421 1174 cfr.
1438 1156 1464 1173 n.
1483 1147 1557 1174 1521.
1600 1147 1632 1174 D.
1646 1147 1821 1175 Cristofferus

474 1187 635 1215 Nidermair
661 1187 737 1222 pleb.
762 1187 791 1214 in
815 1188 928 1223 Assing‚
959 1197 1038 1223 ppos,
1061 1189 1201 1222 quondam
1229 1189 1310 1215 monii
1335 1190 1557 1222 Novecellensis,
1586 1190 1634 1217 cfr.
1653 1199 1694 1224 n.,
1722 1190 1820 1225 (15)28.

475 1230 507 1258 D.
521 1230 690 1260 Laureueius
709 1230 852 1264 Schayber
870 1231 904 1258 de
923 1231 1084 1266 Newburga.
1101 1232 1163 1266 pbr.
1177 1234 1206 1259 et
1224 1233 1272 1259 cfr.
1286 1241 1312 1258 n.

164 1283 207 1311 30.
277 1283 326 1310 ΙΙΙ.
340 1282 396 1310 kal.
424 1277 664 1310 Hermannus
687 1288 739 1310 cv.
756 1281 793 1310 et
822 1278 863 1310 fr.
880 1289 910 1310 n.
961 1277 1163 1321 [Iohannes
1186 1290 1273 1320 sac„
1301 1290 1343 1311 m.
1365 1285 1397 1311 s⁸
1417 1280 1584 1322 Virginis
1607 1282 1643 1312 in
1666 1281 1819 1313 Zwetla.

473 1329 703 1372 Iohannes³)
731 1340 836 1372 ppos.
859 1330 1027 1362 ecclesie
1058 1331 1084 1362 εἰ
1104 1331 1272 1373 Andree,
1304 1331 1382 1373 pbr.
1407 1335 1444 1364 et
1473 1332 1538 1364 cfr.
1561 1331 1602 1374 n.]
1655 1332 1820 1364 Erhardus

474 1392 565 1423 ppos
582 1381 614 1413 in
631 1381 745 1413 Stencz
754 1381 793 1423 ⁴),
809 1381 878 1423 pbr.
895 1384 928 1413 et
944 1381 1000 1413 cfr.
1013 1393 1043 1414 n.
1082 1382 1206 1424 Caspar
1221 1384 1327 1414 senior
1342 1383 1412 1425 pbr.
1429 1387 1462 1415 et
1477 1383 1514 1415 fr.
1527 1395 1558 1415 n.
1575 1385 1665 1416 1485.
1704 1383 1744 1415 D.
1759 1384 1819 1416 Os-

475 1433 597 1465 waldus
619 1443 711 1475 ppOS.
727 1433 760 1464 in
784 1432 820 1464 S0
835 1433 947 1465 Andre
956 1433 981 1475 Β)
994 1433 1019 1475 ⁵)
1048 1437 1081 1466 et
1104 1435 1159 1466 cfr.
1177 1445 1207 1465 n.
1259 1434 1299 1466 D.
1317 1434 1478 1466 Iohannes
1500 1434 1752 1477 Nuernnberger
1780 1435 1820 1467 de

474 1484 690 1516 VValthausen
718 1484 788 1526 pbr.
809 1487 842 1516 et
869 1484 926 1516 cfr.
946 1495 976 1516 n.
1029 1484 1068 1517 D.
1086 1485 1207 1517 Paulus
1231 1485 1401 1518 Gotlieber
1423 1487 1530 1518 senior
1557 1486 1597 1518 de
1621 1487 1822 1528 Tyernstain,

475 1536 545 1578 pbr.
559 1539 592 1568 et
607 1536 664 1568 cfr.
678 1547 708 1567 n.
742 1540 884 1568 Steffanus
900 1541 962 1576 pbr.
976 1542 1006 1568 et
1022 1550 1083 1569 can.
1097 1537 1182 1569 monii
1197 1542 1227 1569 in
1239 1542 1429 1577 Herzoburga,
1446 1543 1496 1569 cfr.
1509 1552 1537 1569 n.
1573 1543 1692 1577 Amuley
1705 1543 1821 1578 Gibigin

474 1587 531 1614 mli¹³
549 1587 585 1614 ad
603 1587 661 1614 811111
675 1587 807 1614 Iacobum
820 1587 939 1620 Wienn.,
959 1596 1064 1615 consor.
1077 1597 1103 1615 n.

164 1628 207 1668 31.
291 1640 326 1667 11.
339 1639 396 1666 kal.
424 1635 630 1667 Hainricus
652 1645 703 1667 cv.
721 1637 758 1666 et
781 1634 821 1667 fr.
838 1635 894 1673 ΠΧ)
934 1635 1146 1678 Irmgardis
1163 1636 1202 1677 1²,
1227 1636 1372 1668 oblatio
1389 1638 1433 1668 50
1452 1641 1473 1674 ο)
1516 1635 1718 1679 [Iohannes
1741 1637 1818 1678 pbr.

474 1686 519 1718 de
542 1685 708 1718 Medlieo
739 1689 777 1718 et
804 1686 868 1718 cfr.
890 1686 933 1729 n.]
981 1686 1163 1729 Stephanus
1187 1687 1259 1719 abb.
1281 1689 1313 1719 in
1338 1687 1617 1720 chremsmunster
1629 1688 1669 1730 ὅ),
1700 1688 1770 1729 pbr.
1788 1691 1820 1720 et

472 1737 527 1770 cfr.
550 1748 580 1769 n.
625 1737 719 1769 Vitus
747 1737 850 1769 dictus
872 1738 1064 1780 Vasschang
1089 1739 1110 1770 1.
1134 1742 1168 1771 et
1195 1739 1251 1770 cfr.
1272 1750 1302 1770 n.
1353 1739 1535 1771 Anthonius
1565 1739 1605 1771 de
1629 1739 1820 1780 Tyrnnstein

472 1800 519 1821 cv.
537 1791 570 1821 et
592 1788 648 1820 cfr.
665 1800 694 1820 n.
739 1789 792 1821 Fr.
813 1789 959 1821 Urbanus
982 1790 1052 1832 pbr.
1068 1790 1100 1821 in
1121 1790 1376 1832 Seyttenstetten
1399 1794 1432 1822 et
1455 1790 1510 1822 cfr.
1527 1801 1557 1822 n.
1602 1790 1643 1822 D.
1660 1790 1820 1822 Iohannes

471 1840 557 1882 pleb.
573 1841 606 1872 in
622 1840 750 1882 Naelib,
773 1841 843 1882 pbr.
861 1845 894 1873 et
913 1841 969 1873 cfr.
985 1852 1013 1873 n.
1053 1841 1223 1873 Oswaldus
1237 1842 1462 1874 Newndorffer
1484 1842 1525 1874 de
1541 1841 1820 1885 Reichenspergss)

472 1892 542 1933 pbr.
560 1894 592 1923 et
615 1891 671 1923 cfr.
687 1891 749 1934 n.¹¹)

829 1989 1150 2026 FEBRUARIUS.

179 2077 203 2104 1.
336 2076 394 2103 kal.
422 2071 644 2103 Machtildis
674 2078 734 2104 cv⁸¹
763 2075 800 2105 et
829 2084 899 2105 sor.
921 2084 950 2105 n.
1006 2073 1209 2115 [Nyeolaus
1237 2073 1315 2114 pbr.
1340 2073 1384 2105 de
1412 2073 1606 2105 Sekkovia
1635 2077 1672 2105 et
1702 2075 1765 2106 cfr.
1786 2085 1816 2106 n.

473 2123 627 2155 Ulrious
650 2133 701 2155 cv.
719 2123 764 2155 de
780 2124 937 2164 Zwetel,
961 2124 1026 2156 cfr.
1042 2135 1072 2156 n.
1111 2125 1361 2166 Wolfgangus
1385 2123 1467 2156 Gril
1491 2125 1535 2156 de
1550 2125 1715 2157 Medlico
1739 2126 1817 2168 pbr.

474 2178 511 2206 et
534 2174 598 2206 cfr.
615 2174 658 2217 n.]
705 2175 862 2216 Elizabet,
886 2186 948 2217 que
973 2175 1064 2207 dedit
1084 2176 1176 2207 nobis
1202 2179 1239 2208 10
1253 2180 1330 2218 ἣν),
1353 2176 1432 2207 item
1452 2175 1494 2207 ad
1509 2176 1712 2217 parrochiam
1731 2180 1742 2208 1
1765 2188 1817 2209 ca—

472 2226 568 2257 licem
596 2229 628 2258 et
651 2227 834 2268 preciosum
857 2230 1015 2258 ornatum.
1061 2227 1155 2259 Anna
1178 2227 1263 2259 dicta
1287 2226 1442 2269 Smidynn
1465 2221 1633 2259 consor.‘n.
1679 2228 1818 2260 Ioannes

473 2277 514 2309 de
531 2276 568 2308 Sa
584 2277 686 2310 Cruce
709 2278 780 2319 pbr.
798 2281 830 2310 et
854 2278 909 2310 cfr.
926 2289 957 2310 n.
1002 2278 1042 2310 D.
1060 2278 1266 2321 Stepphanus
1289 2289 1359 2320 cap.
1376 2279 1486 2310 altaris
1508 2283 1537 2310 ΒΘ
1551 2279 1653 2311 Marie
1676 2280 1709 2311 iu
1727 2280 1817 2312 Wel-

269 2407 293 2439 ⁸)
313 2406 412 2432 Nomen
430 2406 476 2432 hoc
493 2406 612 2439 radendo
630 2406 787 2432 exstinctum.
885 2406 908 2438 Ι1)
928 2407 1049 2439 Sequitur
1068 2408 1138 2433 locuo
1155 2416 1238 2432 ram.
1332 2407 1356 2440 0)
1377 2408 1437 2434 Ood.
1530 2406 1556 2439 d)
1574 2408 1626 2432 Hic
1643 2407 1817 2433 denominatio

164 2453 289 2475 aecum-ata
310 2449 481 2475 davideratur.
586 2448 609 2482 Θ)
630 2449 743 2482 Corriy.:
764 2450 876 2475 Andrea.
981 2448 1001 2482 ¹')
1020 2450 1119 2476 Nomen
1136 2450 1183 2476 hoc
1202 2451 1320 2476 radendo
1334 2459 1420 2483 paene
1438 2451 1556 2476 deletum.
1661 2450 1686 2482 Β)
1707 2450 1818 2483 Corriq.:

162 2492 355 2525 Reiehersperg.
443 2490 470 2524 h)
489 2492 611 2524 Sequitur
623 2497 685 2517 nota
697 2501 762 2518 saec.
776 2495 816 2518 16.
830 2493 901 2520 linea
919 2493 1015 2518 deleta.-
1033 2493 1163 2518 Dorothea
1175 2494 1244 2519 dicta
1258 2493 1400 2527 Sneyderin
1413 2494 1470 2519 auff
1479 2495 1524 2519 der
1536 2493 1659 2519 Lackhen
1671 2501 1768 2519 consor.
1783 2502 1816 2525 n.,

162 2543 213 2567 qne
231 2535 259 2560 iu
276 2535 331 2561 vita
350 2543 398 2560 sua
415 2535 510 2561 obtulit
528 2534 611 2560 moni⁰
630 2539 661 2560 u⁰
681 2537 731 2561 300
744 2535 774 2562 (ἃ).
787 2535 810 2568 ᾧ.
830 2536 856 2560 in
874 2544 937 2561 auro
956 2539 981 2561 et
998 2540 1104 2568 argemo
1122 2536 1154 2561 de
1172 2536 1240 2561 bona
1258 2540 1362 2562 moneta
1380 2541 1493 2569 tempore
1511 2535 1583 2569 pposi
1596 2536 1753 2569 Wolfgangi,
1772 2537 1817 2561 sed

162 2581 221 2611 post
238 2581 348 2604 mortem
365 2578 478 2604 eiusdem
492 2578 622 2604 ordinavit
634 2579 809 2604 substanciam
823 2587 905 2610 suam,
924 2587 969 2611 pro
982 2579 1076 2611 quibus
1089 2579 1235 2611 obligamur
1246 2587 1348 2605 servare
1361 2579 1458 2609 anniv„
1477 2579 1591 2612 vigilium
1604 2582 1630 2604 et
1641 2582 1689 2604 etc.
1724 2578 1817 2604 Altera

163 2628 256 2646 manue
275 2621 310 2646 ad
329 2621 396 2646 hanc
413 2625 501 2646 notam
519 2621 623 2646 adiecit.-
642 2621 728 2647 Nichil
745 2622 816 2647 valet
833 2621 909 2652 ultra,
928 2621 1013 2647 soluta
1031 2625 1076 2646 est.

268 2696 288 2729 1)
306 2695 484 2722 Bernhardus
502 2695 633 2723 Medrizer
650 2700 816 2730 1516—1519,
835 2704 887 2730 quo
905 2704 979 2722 anno
997 2696 1100 2722 abbatis
1118 2695 1275 2730 dz'gynitatem
1292 2695 1444 2730 resignavit.
1554 2695 1575 2729 Β)
1595 2695 1664 2721 Eius
1681 2695 1711 2721 in
1730 2694 1816 2729 difflo-

161 2738 275 2765 matibus
287 2747 312 2765 a.
323 2742 386 2766 1196
397 2741 422 2766 et
434 2742 498 2766 1197
509 2739 615 2772 saepius
627 2740 724 2766 mentio
734 2739 773 2772 sie.
850 2741 871 2773 ⁸)
890 2739 1026 2766 Iohannes
1038 2739 1072 2772 L,
1085 2738 1124 2765 ob.
1135 2747 1160 2766 α.
1171 2742 1240 2766 1397.
1313 2739 1334 2772 ⁴)
1354 2741 1526 2765 1412—1439.
1597 2739 1618 2771 ¹⁵)
1638 2740 1815 2765 1484—1486.

163 2783 184 2815 ·)
202 2784 376 2809 1399—1405.
