2150 3178
878 767 1341 827 MONUMEN
1346 769 1460 827 TA

506 863 1140 923 NECROLOGICA
1185 863 1830 923 ZWETTLENSIA.

445 1005 604 1051 Coenobii
632 1019 830 1051 Zwettlensis
856 1019 1075 1059 antiqdissimi
1104 1019 1144 1051 ab
1174 1019 1342 1050 Hadmaro
1373 1019 1410 1050 de
1443 1018 1622 1058 Chunriny,
1654 1027 1719 1050 uno
1748 1017 1786 1050 de
1806 1016 2003 1057 primoribus

335 1071 491 1103 Austriae
514 1071 790 1109 ministerialibus,
821 1071 985 1103 orzonachis
1013 1082 1037 1103 s.
1058 1071 1246 1103 Bemhardi
1271 1070 1414 1112 requlam
1435 1070 1593 1112 professis
1619 1079 1704 1102 anno
1727 1071 1813 1101 1137
1834 1071 1966 1101 exeunte
1987 1079 2003 1101 e

338 1123 460 1155 Sancta
485 1123 585 1156 Cruce
614 1124 732 1155 vocatis
760 1123 879 1156 conditi
907 1123 1107 1164 sequentique
1136 1133 1222 1155 anno
1249 1123 1351 1155 dotati
1372 1122 1583 1163 necroloqium
1605 1121 1880 1163 antiquissimum,
1909 1120 2004 1152 cuius

338 1174 495 1206 Linckius
517 1175 552 1206 in
575 1186 673 1215 opere,
702 1176 755 1206 cui
777 1175 906 1207 titulum
928 1175 1094 1214 „Annales
1119 1174 1395 1209 Claravallenses“
1410 1175 1578 1215 praefixit,
1605 1174 1663 1207 sub
1685 1174 1812 1206 nomine
1834 1172 2004 1214 mortiloyii

336 1228 511 1259 communis
533 1227 638 1259 adhuc
661 1227 846 1259 mentionem
869 1227 954 1266 fecit,
979 1227 1098 1259 nostris
1113 1227 1304 1269 temporibus
1318 1227 1527 1259 desideratur.
1573 1225 1793 1259 Nihilominus
1807 1234 1894 1257 nunc
1909 1223 2003 1256 varia

336 1281 463 1310 exstant
486 1282 688 1311 monumenta
710 1279 902 1320 necrol091'ca
924 1280 1074 1320 antiqua,
1104 1279 1171 1318 sed,
1199 1290 1270 1311 cum
1291 1290 1328 1311 ea
1352 1279 1485 1319 tempori
1506 1279 1642 1311 attribui
1664 1280 1804 1319 oporteat
1825 1276 2002 1315 recentiori,

338 1331 471 1362 minoris
492 1334 569 1363 sunt
591 1332 748 1363 momenti.
798 1331 846 1372 Cf.
863 1331 970 1364 Neues
992 1331 1112 1364 Archiv
1137 1331 1287 1370 XXXV,
1305 1332 1368 1363 759
1383 1341 1448 1372 sqq.

442 1385 470 1414 1.
503 1383 607 1414 Notae
632 1382 843 1423 necroloyicae
869 1383 1040 1415 nonnullae
1067 1384 1103 1415 in
1130 1383 1313 1416 calendario
1335 1382 1530 1421 Zwettlensi,
1561 1382 1646 1423 quod
1667 1382 1763 1415 codex
1785 1382 1828 1413 84
1851 1380 2005 1413 membra-

336 1446 454 1467 naceus
475 1445 555 1467 saec.
572 1435 654 1467 XII.
671 1438 826 1467 exaratus
849 1436 884 1467 in
905 1435 1044 1467 eiusdem
1064 1436 1250 1468 monasterii
1270 1435 1454 1468 bibliotheca
1475 1435 1632 1475 repositus
1655 1434 1801 1472 continet,
1826 1443 1847 1465 a
1870 1432 2003 1465 diversis

335 1487 544 1528 scriptoribus
565 1487 651 1518 circa
670 1497 792 1518 annum
810 1487 894 1518 1200
910 1488 1084 1528 inscriptae
1099 1490 1184 1526 sunt,
1207 1498 1288 1528 quae
1303 1498 1408 1520 omnes
1422 1487 1562 1519 ineditae
1575 1489 1651 1519 sunt
1666 1489 1762 1527 atque
1775 1485 1834 1518 sub
1849 1484 1955 1517 littera
1970 1483 2004 1516 A

337 1539 421 1580 typis
443 1539 655 1570 excuduntur.
697 1539 777 1571 Cum
800 1539 851 1571 his
872 1550 893 1570 a
916 1550 963 1571 me
987 1550 1092 1572 omnes
1113 1542 1206 1571 notae
1227 1539 1437 1580 necroloqicae
1458 1539 1517 1571 sub
1540 1538 1647 1571 littera
1662 1538 1696 1570 B
1710 1538 1896 1570 coniunctae
1917 1537 2002 1574 sunt,

336 1602 416 1631 quae
441 1590 579 1631 sinyulis
607 1590 823 1632 martyroloqii
850 1591 886 1623 in
912 1591 1016 1623 eodem
1038 1592 1141 1623 codice
1165 1591 1376 1634 comprehensi
1398 1591 1508 1623 dicbus
1527 1593 1598 1631 post
1619 1600 1741 1622 annum
1764 1589 1848 1621 1304
1871 1587 2004 1620 inscribi

336 1646 460 1683 coeptae
488 1645 564 1674 sunt
591 1645 686 1682 atque
715 1653 814 1683 usque
841 1643 886 1674 ad
907 1639 987 1676 saec.
1004 1643 1118 1676 XVII.
1143 1644 1263 1676 emitum
1286 1643 1505 1682 continuatae,
1535 1653 1676 1683 quaeque
1696 1653 1718 1673 a
1739 1643 1807 1673 viro
1828 1641 2004 1673 memoratu

336 1695 430 1735 ‹liqno
456 1694 600 1726 Iohanne
630 1695 668 1726 de
695 1695 795 1726 Frast
819 1696 963 1735 primum
994 1696 1029 1727 in
1058 1695 1157 1727 lucem
1186 1696 1290 1727 editae
1319 1698 1395 1727 sunt
1424 1695 1560 1735 (Archiv
1588 1695 1646 1734 fiir
1673 1697 1781 1726 iisterr.
1806 1691 2004 1725 Geschichts-

339 1746 461 1787 (suellen
483 1747 534 1784 II,
557 1747 756 1788 390—391).

442 1799 546 1830 Notas
574 1810 613 1831 ex
637 1800 667 1831 A
695 1799 896 1839 depromptas
923 1810 1028 1831 omnes
1050 1799 1165 1830 littoris
1188 1799 1361 1831 maioribus
1383 1799 1481 1831 latias
1503 1798 1682 1839 dispositis,
1707 1808 1746 1829 ex
1767 1797 1801 1829 Β
1823 1797 2006 1836 desumptas

337 1862 417 1882 saec.
433 1850 529 1882 XIV.
550 1852 710 1891 ascriptas
736 1851 851 1882 litteris
878 1851 1067 1890 maioribuS,
1099 1861 1179 1884 saec.
1195 1850 1272 1883 XV.
1295 1851 1331 1883 in
1354 1851 1385 1882 B
1407 1851 1582 1891 descriptas
1611 1850 1662 1882 hic
1689 1849 1803 1881 litteris
1829 1847 2005 1881 maioribus

338 1903 431 1935 uncis
453 1903 675 1935 exscribendas
697 1903 880 1934 curavimus
904 1902 1046 1935 inclusis.

441 1955 472 1987 2.
505 1955 650 1986 Annales
678 1955 811 1995 quidam
839 1954 1023 1995 necroloqici
1051 1965 1120 1986 una
1149 1965 1220 1986 cum
1251 1955 1336 1986 notis
1362 1954 1522 1986 historicis
1554 1955 1589 1986 in
1615 1953 1797 1986 calendario
1823 1951 2006 1985 Zwettlensi

340 2007 457 2039 codicis
472 2008 513 2038 84
534 2007 590 2047 (cs.
609 2007 654 2048 1),
677 2007 713 2038 in
735 2017 797 2046 quo
820 2009 849 2038 et
871 2006 1129 2047 martyrologium
1152 2009 1181 2038 et
1203 2006 1314 2047 reyula
1335 2017 1415 2038 saec.
1434 2006 1519 2038 XII.
1536 2006 1694 2046 descripta
1717 2006 1837 2043 insunt,
1860 2015 1882 2036 a
1903 2004 2005 2036 variis

338 2070 418 2091 saec.
441 2058 537 2090 XIV.
563 2061 592 2089 et
623 2058 656 2089 X
664 2058 696 2090 V.
722 2059 930 2098 scriptoribus
963 2061 1045 2090 certo
1078 2069 1185 2091 rerum
1219 2058 1329 2090 ordine
1361 2069 1426 2091 non
1457 2058 1615 2090 observato
1646 2057 1795 2097 inscripti
1823 2058 1914 2095 sunt,
1949 2056 2007 2096 qui

338 2111 458 2142 maiore
485 2121 524 2142 ex
550 2113 643 2150 parte
671 2121 742 2141 cum
769 2110 1008 2142 continuatione
1036 2109 1217 2142 Zwettlensi
1239 2110 1303 2143 IV.
1326 2113 1518 2151 conyruunt,
1546 2120 1684 2150 quosque
1705 2119 1739 2141 eo
1762 2111 1912 2149 tempore,
1943 2117 2006 2148 quo

340 2163 442 2194 obitus
464 2163 531 2194 dies
553 2162 747 2200 acciderunt,
769 2161 816 2193 vel
834 2162 934 2204 paulo
950 2165 1026 2202 post
1045 2163 1211 2194 memoriae
1231 2163 1367 2194 traditos
1390 2172 1454 2194 esse
1473 2162 1582 2194 merito
1597 2171 1765 2193 censemus.
1811 2160 1935 2201 Quibus
1955 2159 2006 2191 vir

340 2214 507 2246 memoriae
522 2213 708 2246 venerabilis
723 2213 880 2246 Linckius
902 2215 967 2245 iam
983 2214 1019 2245 in
1034 2213 1240 2252 „Annalibus
1259 2213 1572 2246 Claravallensibus“
1586 2223 1666 2245 usus
1680 2215 1734 2245 est.
1773 2211 1896 2252 Aliqua
1910 2211 2006 2244 etiam

341 2266 557 2306 Hieronymus
568 2265 632 2297 Pez
647 2265 820 2306 divulqavit
835 2277 851 2297 e
867 2265 1049 2298 calendario
1065 2265 1159 2298 electa
1175 2266 1368 2306 (Scriptores
1382 2276 1489 2297 rerum
1501 2265 1667 2297 Austriac.
1680 2264 1710 2303 1,
1722 2264 1788 2296 543
1797 2274 1862 2304 sqq.
1861 2265 1888 2304 ),
1905 2273 2007 2296 emen-

339 2318 484 2350 dationes
498 2317 657 2349 Iohannes
673 2318 710 2349 de
724 2318 826 2350 Frast
841 2318 941 2349 edidit
953 2317 1089 2358 (Archiv
1103 2319 1160 2356 fiir
1171 2318 1291 2350 Kunde
1306 2320 1413 2349 o‘sterr.
1428 2316 1732 2357 Geschichtsquellen
1745 2316 1860 2358 (1849)
1873 2315 1902 2354 1,
1914 2316 2005 2356 381).

340 2370 407 2401 Nos
434 2372 527 2401 notas
555 2369 764 2410 necroloqicas
793 2380 832 2401 ev
861 2370 917 2401 hoc
947 2369 1129 2401 calendario
1158 2370 1370 2410 excerpsimus
1399 2370 1565 2401 editionem
1593 2369 1677 2402 MG.
1699 2367 1755 2401 SS.
1774 2367 1838 2407 IX,
1855 2367 2007 2399 689—98

340 2424 488 2453 accurate
510 2422 617 2459 secuti,
641 2424 736 2461 atque
757 2424 850 2453 notas
872 2422 998 2461 quidem
1016 2432 1096 2453 saec.
1113 2421 1208 2454 XIV.
1225 2422 1385 2463 ascriptas
1399 2421 1515 2453 litteris
1529 2421 1703 2453 maioribus
1718 2420 1817 2452 latius
1832 2419 2005 2459 dispositis,

339 2484 419 2505 saec.
436 2472 512 2504 XV.
529 2474 691 2513 appositas
714 2472 829 2504 litteris
852 2474 1025 2505 maioribus
1047 2474 1280 2513 exscripsimus,
1303 2484 1383 2514 quae
1406 2473 1586 2505 litterarum
1610 2472 1757 2504 ductibus
1771 2471 1946 2504 obscuratis
1967 2481 2007 2503 ex

334 2528 430 2565 parte
453 2524 643 2562 coniectura,
666 2535 705 2556 ex
715 2527 811 2566 parte
825 2525 996 2556 secundum
1012 2525 1183 2557 Linelcium
1199 2526 1396 2557 restituenda
1411 2527 1512 2564 erant,
1535 2525 1628 2556 uncis
1643 2524 1831 2556 inclusimus
1845 2522 2005 2555 rotundis.

444 2577 475 2607 3.
511 2576 654 2616 Cataloyi
684 2576 904 2616 defunctorum
935 2577 1052 2616 duplex
1081 2587 1168 2609 nune
1197 2580 1339 2618 superest
1367 2577 1518 2615 recensio,
1550 2586 1688 2617 quarum
1709 2576 1816 2616 prior,
1849 2575 1880 2607 A
1908 2585 1930 2606 a
1957 2584 2006 2606 me

341 2629 533 2668 siqnificata,
557 2629 593 2660 in
614 2628 692 2667 folio
708 2630 727 2659 1
734 2639 755 2659 a
778 2629 894 2660 codicis
910 2630 952 2660 72
973 2629 1202 2661 membranacei
1223 2630 1356 2661 maioris
1378 2631 1500 2668 formae
1523 2629 1559 2661 in
1582 2628 1720 2660 eiusdem
1740 2627 1877 2660 coenobii
1896 2626 2004 2658 biblio-

340 2679 428 2711 theca
457 2681 613 2712 asservati
636 2681 734 2720 prius
761 2680 970 2721 aqylutinato,
1001 2691 1088 2712 nunc
1116 2691 1186 2713 vero
1216 2680 1351 2713 resoluto
1374 2681 1532 2720 descripta
1554 2679 1722 2712 monachos
1742 2678 1944 2711 Zwettlenses
1965 2678 2006 2710 ab
2062 2678 2064 2680 ’

340 2742 426 2763 cinno
450 2732 534 2764 1325
557 2743 655 2772 usque
678 2743 707 2764 a.
726 2733 810 2763 1348
832 2732 996 2772 defunctos
1017 2743 1039 2763 a
1054 2733 1167 2772 prima
1189 2732 1284 2764 medii
1305 2743 1386 2765 saec.
1404 2732 1500 2765 XIV.
1521 2731 1687 2772 scriptoris
1707 2741 1808 2763 manu
1829 2729 2005 2770 cataloqum

341 2783 553 2823 antiquiorem
575 2795 660 2815 minc
682 2785 836 2816 amissum
858 2787 1001 2824 sequente
1024 2784 1194 2824 inscriptos
1215 2785 1325 2824 refert,
1355 2785 1448 2816 cuius
1470 2794 1550 2824 opus
1571 2794 1593 2815 a
1615 2783 1716 2815 variis
1738 2782 1882 2815 librariis
1903 2792 2005 2824 usque

342 2835 386 2866 ad
407 2845 438 2866 a.
456 2833 523 2876 fere
546 2836 632 2866 1390
655 2836 876 2868 continuatum
899 2839 953 2867 est.
