2150 3178
329 191 439 220 LIBER
457 189 724 219 SEPULCRORUM
743 188 896 216 PATRUM
914 187 1091 215 MINORUM
1109 187 1159 215 AD
1177 187 1202 215 S.
1217 186 1366 215 CRUCEM
1382 186 1634 215 VINDOBONAE.
1748 188 1810 219 227

725 439 769 471 In
792 438 925 471 eodem
948 437 1152 469 d·Went1a
1175 442 1274 469 com*
1298 436 1343 469 de
1363 436 1608 478 Sternbenffi,
1633 437 1687 469 ob.
1709 438 1813 479 1345,

175 483 223 512 ¹⁰¹
269 523 280 524 ἠ
624 489 684 524 I-V.
698 501 781 522 non.
799 488 1045 531 Septembris.

729 900 878 933 Ibidem
902 901 941 933 d·
956 900 1130 932 Elizabet
1144 900 1346 942 Dapifera‚
1371 900 1426 932 ob.
1447 902 1551 941 1345,
1574 901 1637 933 IX.
1654 901 1726 933 kal.
1743 901 1814 934 No-

627 952 837 995 vembris.²)

262 1201 295 1228 A.
308 1200 334 1227 d.
347 1201 415 1228 1534
434 1200 463 1228 in
482 1200 582 1236 vigilia.
600 1201 717 1229 Martini
735 1202 779 1229 ob.
792 1209 848 1228 rev.
861 1209 887 1235 p.
902 1201 934 1228 fr.
949 1200 1087 1228 Osbaldus
1103 1200 1276 1235 Machlaydt,
1298 1209 1370 1236 mag.
1383 1200 1564 1235 provincialis
1577 1200 1697 1234 Austrie,
1716 1201 1817 1229 Welsii
1843 1206 1855 1225 ὅ

162 1243 298 1279 sepultus.

731 1467 816 1499 Item
839 1470 914 1499 ante
938 1467 1041 1499 altare
1065 1472 1092 1498 s⁶
1109 1467 1210 1499 crucis
1233 1467 1274 1499 ad
1299 1478 1398 1500 cornu
1421 1468 1582 1500 sinistrum
1602 1469 1747 1511 sepultus
1770 1472 1819 1502 est

628 1519 782 1561 puerulus
805 1519 835 1550 d¹
857 1519 986 1551 Alberti
1010 1518 1050 1551 de
1073 1518 1256 1552 Eberstorff
1278 1521 1370 1552 1466.

729 1877 814 1909 Item
837 1878 870 1910 in
893 1877 1063 1920 sepulchro
1087 1877 1214 1909 elevato
1238 1880 1313 1909 ante
1337 1877 1440 1909 altare
1459 1875 1706 1918 s2W0lffgangi‚
1730 1874 1819 1917 quod

627 1928 732 1961 adhuc
761 1930 871 1961 vivens
898 1930 1038 1961 construi
1068 1929 1144 1961 fecit
1171 1939 1237 1960 rev.
1253 1940 1285 1970 p.
1302 1929 1339 1960 fr.
1357 1927 1596 1970 Wolgangus⁸)
1620 1938 1687 1969 eps.
1702 1926 1817 1969 Yppo-
1836 1935 1862 1955 ιο

625 1981 744 2022 nensis,
767 1981 928 2013 maximus
950 1980 1140 2013 benefactor
1163 1983 1338 2012 conventus
1357 1979 1396 2021 υἱ,
1421 1980 1472 2012 ob.
1495 1982 1585 2021 1475,
1607 1979 1650 2010 X.
1666 1979 1732 2011 kal.
1748 1980 1817 2011 Au-

626 2033 711 2073 gusti
727 2035 760 2065 et
776 2036 846 2065 erat
861 2032 898 2064 fr.
917 2032 1037 2064 ordinis
1053 2042 1090 2064 ac
1105 2032 1191 2074 pleb.
1205 2032 1341 2064 ecclesie
1357 2031 1551 2074 parochialis
1566 2032 1599 2062 in
1614 2030 1817 2073 Haymburg.

729 2367 857 2400 Nobilis
878 2373 911 2401 et
926 2372 1095 2401 strennuus
1112 2379 1211 2411 eques
1227 2373 1359 2401 auratus
1375 2370 1521 2412 Bigileus
1538 2370 1577 2402 de
1592 2369 1823 2402 Batzeinstorff

625 2420 659 2451 in
680 2419 923 2463 Leuprechting
946 2421 997 2453 ob.
1019 2431 1048 2453 a.
1072 2421 1102 2453 d.
1122 2423 1204 2453 1484
1233 2422 1266 2453 in
1294 2421 1438 2463 profesto
1461 2421 1484 2453 s¹
1502 2421 1636 2464 Georgii
1658 2422 1818 2464 martyris,

626 2471 772 2514 sepultus
795 2475 870 2504 ante
893 2472 995 2505 altare
1019 2478 1048 2504 s⁹
1063 2473 1213 2505 trinitatis
1235 2473 1268 2504 in
1293 2474 1441 2505 ecclesia.
1835 2477 1859 2496 ¹⁶

263 2747 288 2780 ὃ)
307 2747 369 2774 Οοᾱ.
407 2749 522 2784 Oarriq..-
539 2752 722 2786 Wolfgangus.

266 2824 286 2857 ¹)
305 2823 351 2851 Ita
367 2833 454 2860 supra
470 2834 499 2860 p.
511 2829 567 2861 201,
587 2827 747 2855 Decembris
765 2829 862 2856 necrol.
871 2837 900 2863 p.
915 2832 971 2856 193.
