2150 3178
324 203 393 230 VIII
1057 202 1226 230 PRAEFAT
1231 202 1275 231 10.

323 312 436 348 ratius
468 309 661 347 diiudicari
686 310 810 357 possit.
870 309 951 346 Has
978 313 1079 346 notas
1110 310 1213 347 utiles
1245 310 1323 355 fore
1349 321 1531 357 speramus
1559 309 1801 358 lectoribusque
1827 314 1996 358 acceptas,

325 391 536 427 quamquam
561 379 749 416 nonnullas
775 380 996 426 corriqendas
1022 391 1103 425 esse,
1131 380 1215 416 dum
1239 380 1371 416 indices
1399 379 1604 425 conficimus,
1630 379 1872 417 intelleximus.

429 458 620 495 Nominum
650 457 786 503 molem,
822 457 947 504 quibus
979 458 1041 494 hoc
1075 457 1233 494 volumen
1266 458 1373 494 nimis
1402 457 1568 503 refertum
1601 459 1665 503 est,
1699 457 1740 494 in
1770 460 1841 495 tres
1867 457 2000 495 indices

324 528 548 573 digressimus,
588 529 620 564 1.
647 538 883 573 personarum
919 530 950 563 et
984 527 1153 571 locorum,
1191 529 1230 563 2.
1260 527 1439 563 nominum
1469 530 1501 564 et
1532 527 1727 572 formarum
1757 529 1936 565 ran’orum
1966 530 1999 564 et

326 599 361 633 3.
390 609 508 634 rerum
534 600 566 634 et
591 597 782 634 verborum.

430 675 512 712 Hac
538 675 577 711 in
604 675 751 712 editione
772 675 1000 721 perficienda,
1033 675 1094 721 qui
1120 674 1329 711 bibliothecis
1356 686 1398 712 ac
1423 674 1612 711 tabulariis
1637 678 1668 712 et
1686 675 1841 722 publicis
1866 678 1897 711 et
1917 675 1997 721 pri-

327 746 415 782 vatis
435 745 644 791 praesertim
671 744 957 781 monasteriorum
978 747 1162 792 praesunt,
1189 744 1399 781 voluntatem
1427 744 1512 781 mihi
1527 744 1776 791 praestiterunt
1787 753 2000 791 propomam

326 814 532 861 libenterque
566 826 619 851 me
653 815 860 850 adiuverunt
867 842 876 859 ,
914 814 1038 861 quibus
1071 815 1243 851 universis
1274 817 1304 850 et
1331 815 1517 860 unicuique
1539 814 1678 860 qratias
1703 824 1875 859 summas,
1911 824 2001 860 quas

327 884 430 921 debeo
455 884 664 931 sinqulisque
690 885 729 920 in
741 885 932 930 prooemiis
951 885 1069 920 animo
1087 884 1160 920 iam
1177 885 1230 930 eqi
1242 883 1416 930 proclivo,
1443 884 1505 920 hoc
1523 894 1654 930 quoque
1671 882 1744 920 loco
1762 894 1826 930 aqo
1843 883 1999 919 iteratas.

326 954 521 1000 Praecipue
548 954 620 989 viri
647 953 836 990 clarissimi
858 953 1031 989 auxilium
1050 953 1300 999 consiliumque
1315 953 1403 990 mihi
1413 952 1667 999 praestiterunt
1683 952 1801 989 beatae
1818 952 2002 988 memoriae

329 1022 513 1059 Oswaldus
532 1021 819 1068 Holder-quer,
846 1022 906 1068 qui
923 1025 1215 1059 monumentorum
1236 1021 1447 1058 Germaniae
1463 1022 1707 1058 historicorum
1724 1020 2002 1067 Antiquitatibus

327 1103 436 1138 usque
463 1093 512 1128 ad
537 1092 649 1128 obitus
674 1093 730 1127 sui
758 1092 848 1128 diem
875 1092 898 1127 i.
918 1102 946 1127 e.
964 1102 1074 1137 usque
1092 1092 1140 1128 ad
1156 1091 1326 1128 kalendas
1343 1090 1548 1128 Novembris
1566 1091 1659 1126 1911
1684 1090 1833 1135 mirifice
1859 1089 2002 1126 meritus

322 1165 505 1208 praeerat,
541 1164 572 1198 et
598 1161 758 1197 Karalus
783 1160 956 1205 Strecker,
989 1161 1228 1198 uni-versitatis
1253 1160 1497 1197 Berolinensis
1519 1159 1717 1206 professor,
1749 1159 1808 1206 qui
1833 1158 1936 1195 illum
1960 1159 2002 1195 in

327 1231 542 1267 moderanda
569 1231 828 1278 Antiquitatum
859 1231 952 1267 serie
981 1234 1115 1267 secutus
1145 1233 1205 1267 est.
1265 1228 1450 1266 Oswaldus
1475 1229 1625 1266 Redlich
1651 1239 1797 1276 quoque,
1832 1228 2002 1265 universi-

328 1300 409 1336 tatis
435 1300 709 1337 Vindobonensis
735 1299 937 1346 professor,
973 1303 1004 1336 et
1035 1299 1191 1336 Michael
1222 1298 1348 1346 Tanql,
1383 1298 1624 1335 universitatis
1650 1296 1888 1335 Berolinensis
1913 1308 2002 1344 pro-

327 1371 456 1416 fessor,
484 1370 721 1406 libentissimis
748 1370 878 1406 animis
903 1370 1001 1416 operi
1027 1380 1102 1405 meo
1130 1368 1272 1415 impiqri
1297 1369 1438 1414 saepius
1463 1371 1562 1404 erant
1587 1378 1756 1405 suasores.

434 1495 571 1532 Dabam
599 1496 638 1531 in
664 1494 840 1540 Hainfeld
866 1496 905 1530 in
935 1494 1250 1531 commemoratione
1276 1494 1428 1530 omnium
1453 1492 1652 1529 asamar-mn
1676 1491 1830 1538 fidelium

590 1564 665 1601 ΙΙΙ.
685 1575 799 1601 nonas
826 1563 1029 1600 Novembris
1056 1563 1161 1599 1913.

1005 1726 1327 1768 Adalbertus
1354 1724 1682 1767 Francisous
1709 1723 1898 1772 Fuchs,

1379 1794 1414 1828 O.
1431 1794 1466 1827 S.
1482 1793 1525 1827 B.
