2150 3178
455 200 695 229 MONUMENTA
713 199 971 228 NEOROLOGICA
993 197 1487 227 CLAUSTRONEOBURGENSIA.
1764 203 1805 231 55

450 287 661 330 Septembris.
699 286 760 319 Ob.
779 286 809 319 d.
825 286 1019 319 Ludowieus
1037 286 1108 328 pbr.
1126 296 1168 317 ex
1185 285 1304 317 Griess.
1351 285 1412 317 Ob.
1430 285 1468 318 fr.
1484 285 1646 318 Steffanus
1662 285 1806 318 subdiac.

450 340 532 382 prof.
556 339 587 371 ni
608 338 703 372 mon¹1
724 337 934 382 licenciatusJ
986 343 1021 370 D.
1036 343 1141 370 Paulus
1171 342 1232 376 pbr.
1257 344 1287 369 et
1314 342 1388 377 prof.
1411 342 1442 369 in
1469 342 1692 378 Hertzenwurga
1715 342 1806 370 1506.

452 391 591 418 Martinus
609 390 701 418 senior
718 399 752 418 ex
770 389 859 417 moni⁰
878 389 1026 417 Scotorum
1040 389 1158 416 Vienne.

400 435 513 468 ΕΔΜ.
536 434 597 477 (Α)
619 434 836 467 Dietmarus
854 433 955 476 pleb.
992 433 1128 475 Poppo
1143 434 1177 474 1.,
1200 433 1308 466 dedit
1323 433 1473 465 vineam
1490 435 1528 465 et
1543 434 1689 465 curtim.
1726 432 1806 464 Sin-

452 490 548 519 tram
570 487 734 528 occisus,
758 485 866 518 dedit
881 488 900 517 2
917 485 1151 527 beneficia.⁸)
1191 484 1242 528 [D.
1259 485 1546 527 Engeldiechus
1568 485 1643 517 mil.
1661 488 1694 517 et
1709 484 1805 517 Mar-

452 541 589 582 gareta
611 550 669 571 ux.
693 539 790 580 eius,
814 537 1003 570 dederunt
1025 537 1202 570 redditus
1228 540 1241 568 1
1268 536 1346 580 tal.]

156 600 182 629 5.
312 608 379 628 non.
403 595 504 628 FRS.
527 595 586 637 (A)
611 594 836 626 Chunradus
851 593 929 636 pbr.
946 597 984 625 et
999 605 1088 635 can„
1112 593 1153 625 fr.
1170 604 1201 625 n.
1239 593 1416 625 Elizabet
1431 598 1503 634 ανῆ
1527 604 1597 626 sor.
1614 605 1643 626 n.
1684 593 1807 636 Caspar

452 646 617 689 subdyae.‚
648 657 728 687 can„
753 646 791 678 fr.
806 657 848 687 n.‚
877 645 980 677 dictus
1002 645 1125 687 Hager.
1164 645 1219 688 (C)
1256 644 1309 688 [D.
1326 645 1500 677 Haimicus
1522 645 1691 677 Milawner
1714 656 1806 687 ppos.

450 698 704 730 Novecellensis.
751 697 813 730 Ob.
830 698 868 729 fr.
884 697 1047 729 Iohannes
1063 697 1214 739 subdyac.
1231 696 1487 738 Novecellensis,
1511 696 1567 729 cfr.
1584 708 1626 735 n..
1650 708 1679 729 a.
1698 697 1727 728 d.
1746 700 1806 729 eto.

451 749 576 792 (14)40.
626 750 667 782 D.
690 749 852 782 Iohannes
881 749 922 781 de
950 748 1179 781 Fuerstenfeld
1207 759 1277 780 can.
1297 749 1329 779 in
1345 748 1474 780 Voraw.
1524 748 1566 780 D.
1578 748 1807 791 Wolffgangus

452 801 523 844 pbr.
544 805 578 833 et
599 801 682 843 prof.
703 801 736 832 in
758 800 857 833 mon¹⁰
879 812 904 832 s.
918 800 1075 843 Yppoliti.
1122 799 1185 832 Ob.
1205 800 1236 832 d.
1252 799 1427 832 Udalricus
1446 800 1582 833 Seokler
1604 811 1696 842 ppos,
1714 800 1807 832 monii

453 854 626 896 Plagensis
649 851 784 896 (14)99.]
831 857 882 884 Ob.
898 857 932 885 fr.
949 857 1112 885 Anthonius
1135 857 1208 884 diac.
1225 857 1298 892 prof.
1315 857 1346 884 in
1369 857 1528 884 Gothwico.

400 905 517 938 FAM.
533 905 592 947 (A)
614 904 821 937 Heinrious
836 905 869 946 1.‚
893 904 1000 937 dedit
1016 904 1212 937 dimidiam
1229 905 1365 936 curtim
1382 907 1419 936 et
1436 903 1631 936 dimidiam
1648 904 1806 936 vineam.

449 957 666 989 Hartwious
695 968 799 998 ppos.
829 956 873 988 de
902 956 934 988 S.
955 956 1107 989 Georio.
1162 955 1347 1000 [Petrissa
1379 957 1424 988 de
1456 955 1668 997 Chambek,
1700 955 1809 988 dedit

452 1010 470 1040 2
502 1008 633 1041 domus
665 1011 702 1040 et
734 1011 752 1040 2
784 1009 924 1041 vineas.
976 1008 1105 1051 Reyza
1136 1009 1176 1050 1⁵,
1211 1009 1252 1041 da
1284 1009 1329 1041 de
1355 1008 1592 1050 Waltpurch‚
1628 1008 1807 1050 quartale

452 1059 584 1104 vinee]

155 1122 182 1150 6.
250 1120 327 1148 VIII.
340 1120 378 1148 id.
401 1116 500 1149 FRS.
532 1116 590 1159 (A)
619 1116 835 1149 Hertwieus
865 1116 1031 1149 subdiac.
1063 1120 1100 1149 et
1132 1127 1210 1149 can.
1269 1117 1470 1160 [Elyzabet
1498 1116 1638 1148 relicta
1669 1115 1807 1148 Cholo-

452 1169 578 1201 manni
613 1169 658 1201 de
687 1167 763 1212 Lm]
822 1167 1004 1212 Stephanus
1034 1169 1234 1210 Frutperger
1273 1178 1345 1200 can.
1370 1167 1647 1210 Salozburgensis,
1689 1166 1744 1199 cfr.
1776 1178 1806 1199 n.

452 1221 614 1253 Iohannes
635 1221 706 1263 pbr.
723 1223 757 1253 et
777 1231 858 1262 ean„
881 1221 919 1253 fr.
932 1232 974 1262 n.‚
996 1220 1193 1264 quondamb)
1209 1223 1358 1262 tempore
1373 1220 1603 1262 pedagogus.0)
1628 1219 1682 1262 (G)
1708 1218 1761 1262 [A.
1774 1219 1806 1251 d.

455 1275 533 1304 1411
558 1272 609 1305 ob.
627 1272 751 1315 Caspar
772 1272 915 1304 subdiac.
934 1272 1037 1304 dictus
1052 1271 1166 1314 Hager
1181 1272 1213 1303 h.
1226 1283 1268 1303 m.
1306 1271 1359 1304 Fr.
1376 1271 1498 1303 Paulus
1516 1271 1588 1313 pbr.
1606 1271 1647 1303 de
1664 1271 1806 1313 Witing-

452 1335 535 1366 naw,
564 1325 620 1356 cfr.
637 1335 668 1357 n.
713 1324 753 1357 D.
769 1324 892 1356 Paulus
914 1323 984 1366 pbr.
1003 1328 1036 1356 et
1059 1335 1140 1366 can.,
1168 1325 1250 1366 prof.
1267 1324 1300 1356 in
1322 1322 1558 1367 Reychsperg.]
1603 1329 1637 1355 D.
1654 1328 1805 1356 Hainricus

453 1376 524 1411 prof.
538 1375 662 1403 eiusdem
681 1375 762 1402 monii
781 1375 880 1408 <150)7.

401 1421 516 1454 FAM.
541 1421 600 1464 (A)
624 1420 884 1464 Engelbertus
907 1420 927 1452 l.
972 1419 1199 1462 Hiltgundis
1222 1420 1262 1451 1⁸.

156 1484 184 1512 7.
271 1483 331 1510 VII.
344 1482 382 1510 id.
404 1477 501 1510 FRS.
526 1477 584 1520 (A)
608 1477 792 1509 Albertus
815 1487 918 1519 ppos.
936 1476 981 1508 de
1003 1475 1035 1508 S.
1053 1475 1209 1516 Georio,
1233 1476 1275 1508 fr.
1292 1486 1323 1507 n.
1353 1474 1409 1517 (C)
1440 1474 1491 1518 [D.
1508 1475 1670 1506 Iohannes
1685 1475 1807 1506 arcium

452 1540 538 1572 mag.
562 1532 595 1562 et
623 1540 715 1571 ppos.
738 1528 832 1561 mon¹¹
862 1529 895 1560 in
923 1527 1166 1570 Herczenburg.
1217 1527 1278 1560 Ob.
1295 1527 1326 1560 d.
1343 1527 1509 1559 Erhardus
1537 1537 1629 1569 ppos.
1652 1526 1746 1558 monH
1775 1527 1807 1557 in

453 1581 678 1613 Walthawsen
702 1591 730 1613 a.
748 1580 872 1622 (14)76.
915 1579 955 1612 D.
974 1579 1144 1612 oswaldus
1161 1579 1256 1612 Graff
1274 1580 1344 1622 pbr.
1362 1582 1396 1612 et
1417 1579 1500 1622 prof.
1516 1579 1550 1610 in
1564 1578 1700 1621 Plagen.
1744 1578 1806 1610 Ob.

453 1633 491 1666 fr.
519 1632 681 1676 Georgius
712 1643 784 1665 nov.
810 1632 932 1664 ibidem
964 1631 1102 1675 (14)95.]
1158 1637 1219 1664 Deo
1250 1638 1428 1670 naturaeque
1458 1635 1599 1663 concessit
1628 1635 1807 1662 Cristofferus

453 1684 575 1712 Raebler
596 1684 710 1711 oblatus
733 1683 763 1710 in
786 1683 903 1711 cenobio
922 1683 1083 1710 Tiernstain
1101 1691 1126 1710 a.
1142 1683 1262 1718 virginei
1281 1682 1432 1718 (partus)d)
1453 1682 1526 1709 1514.
1567 1682 1599 1709 D.
1612 1681 1719 1716 Caspar
1736 1682 1807 1716 prof.

454 1729 483 1755 et
501 1727 563 1762 pbr.
575 1727 659 1755 monii
677 1736 697 1754 s.
711 1726 865 1754 Lamberti.

400 1771 515 1804 FAM.
547 1770 607 1814 (A)
637 1770 800 1803 Aloldus
829 1771 850 1802 l.
884 1770 928 1803 de
959 1770 1133 1812 Cheyow.
1181 1769 1238 1812 (O)
1278 1768 1353 1812 [Ob.
1378 1768 1563 1801 Fridericus
1591 1768 1808 1801 Wisentawer

453 1823 510 1855 cfr.
527 1834 557 1855 n.

154 1884 181 1912 8.
282 1884 329 1912 VI.
343 1884 380 1911 id.
403 1879 501 1912 FRS.
525 1822 585 1922 (A])
609 1879 848 1912 Hermannus
877 1889 944 1915 cv..
977 1878 1019 1910 fr.
1040 1889 1070 1910 n.
1125 1876 1344 1920 [Heinrieus
1371 1887 1463 1918 ean„
1494 1877 1588 1919 pbr.,
1620 1876 1685 1908 cfr.
1707 1887 1737 1908 n.
1762 1876 1806 1908 de

454 1930 620 1974 Awgea.]
648 1930 703 1973 (O)
735 1930 787 1973 [D.
801 1930 963 1963 Iohannes
978 1930 1085 1962 senior
1104 1929 1174 1972 pbr.
1192 1929 1296 1961 dictus
1311 1928 1421 1971 Goett,
1442 1929 1523 1972 prof.
1535 1929 1569 1961 in
1580 1929 1807 1961 Walthausen.

455 1983 621 2015 Erhardus
644 1994 692 2015 cv.
716 1983 758 2015 ad
781 1982 813 2014 S.
829 1982 1033 2014 Dorotheum
1056 1982 1089 2013 in
1105 1981 1257 2023 Wienna,
1282 1981 1338 2013 cfr.
1355 1992 1385 2013 n.
1431 1982 1471 2013 A.
1492 1983 1574 2014 1494
1597 1981 1650 2013 ob.
1667 1981 1698 2013 d.
1714 1991 1806 2023 ppos.

455 2034 628 2067 Hainricus
651 2045 695 2067 ex
717 2034 851 2077 Griess.]
897 2039 1056 2072 Hainricus,
1080 2038 1238 2071 manicas,
1260 2033 1338 2073 prof¹
1360 2030 1561 2065 Ronnshoven.
1607 2038 1749 2065 Iohannes
1773 2046 1807 2065 ex

451 2086 540 2113 moni⁰
565 2086 640 2114 Celle
665 2086 762 2114 Marie.
806 2086 976 2113 Benedictus
1001 2094 1034 2113 ex
1057 2085 1250 2112 Lambacensi.
1294 2085 1338 2111 Fr.
1352 2084 1493 2112 Romanus
1515 2085 1647 2120 subdyac.
1667 2085 1696 2112 in
1718 2085 1807 2112 moni⁰

459 2129 536 2156 Celle
555 2129 652 2157 Mai-ie.
690 2129 734 2157 Fr.
747 2129 838 2156 Adam
856 2129 917 2163 pbr.
931 2130 1000 2163 prof.
1015 2128 1044 2155 in
1062 2127 1212 2162 Farnpach
1231 2130 1284 2155 ete.
1298 2136 1323 2155 a.
1336 2128 1435 2161 (15)22.

402 2173 518 2205 FAM.
543 2173 602 2215 (A)
624 2173 779 2215 Rapoto
802 2173 822 2206 l.

155 2236 183 2266 9.
296 2237 330 2265 V.
344 2238 382 2265 id.
406 2233 506 2265 FRS.
530 2233 589 2276 (A)
613 2233 724 2275 Hugo
753 2233 832 2276 pbr.
861 2237 899 2266 et
926 2244 1020 2274 can„
1051 2233 1092 2265 fr.
1109 2244 1140 2264 n.
1191 2232 1397 2265 Heinrieus
1424 2232 1501 2275 pbr.
1525 2236 1563 2265 et
1592 2243 1685 2274 can„
1717 2233 1759 2264 fr.
1776 2242 1806 2264 n.

453 2285 681 2318 chunradus
709 2286 787 2328 pbr.
816 2288 854 2318 et
881 2296 973 2326 ean„
998 2285 1039 2317 fr.
1056 2296 1086 2316 n.
1140 2283 1315 2327 [Karolus
1344 2294 1434 2324 sac„
1463 2284 1504 2316 fr.
1523 2283 1566 2327 n.]
1611 2283 1807 2316 Wilhelmus

455 2337 620 2379 subdyae„
645 2347 726 2379 ean„
750 2337 788 2369 fr.
804 2347 834 2368 n.
859 2336 964 2369 dictus
979 2335 1252 2377 Zinzendoerffer,
1276 2347 1305 2368 a.
1322 2335 1447 2378 (14)10.
1479 2336 1534 2379 (O)
1563 2335 1626 2379 [Fr.
1642 2336 1712 2368 Leo
1736 2335 1806 2377 pbr.

454 2391 488 2420 et
510 2399 581 2421 ean.
598 2388 640 2421 ad
657 2388 688 2421 S.
705 2388 907 2421 Dorotheam
923 2388 1083 2431 Wyenne.
1129 2387 1170 2420 D.
1187 2387 1360 2420 Hainricus
1376 2387 1573 2420 Duerrioher
1588 2388 1659 2430 pbr.
1676 2390 1709 2419 et
1725 2387 1807 2430 prof.

452 2439 546 2471 m0n¹¹
572 2440 605 2471 in
631 2439 700 2471 Rar
722 2450 752 2472 a.
768 2439 892 2482 (14)74.
945 2440 985 2472 D.
1001 2440 1163 2472 Rudolfus
1189 2440 1260 2482 pbr.
1283 2443 1317 2472 et
1345 2451 1415 2472 ean.
1438 2439 1532 2472 monii
1554 2440 1587 2471 in
1609 2439 1807 2472 Ronshoven

452 2491 577 2533 (14)82.
615 2492 758 2524 Michael
772 2492 1011 2534 Medelieensis,
1030 2492 1248 2534 Hieronymus
1264 2502 1306 2524 ex
1323 2491 1444 2534 Suben,
1458 2492 1618 2533 Andreas,
1633 2492 1806 2533 Iohannes,

454 2542 694 2586 Vuolfgangus,
725 2544 932 2585 Ambrosius,
961 2542 1144 2587 Iohannes]
1193 2548 1269 2584 Mag.
1289 2548 1424 2576 Iohannis
1452 2549 1571 2576 Iudman
1597 2557 1631 2576 ex
1658 2549 1807 2576 Braunaw.

453 2594 586 2626 Komadi,
605 2594 761 2623 Kather'me
774 2595 832 2622 uxi·
845 2594 913 2622 eius.
944 2595 1082 2630 Stephani
1094 2595 1205 2629 Pei-ger.
1236 2595 1402 2622 Leonhardi.
1432 2595 1526 2628 Lucia,
1546 2595 1695 2630 Perpetua,
1714 2594 1806 2626 Soffia„

452 2636 599 2669 Felicitas,
624 2636 720 2664 Iudith
743 2646 777 2665 ex
799 2637 888 2665 monio
909 2647 931 2665 s.
948 2638 1036 2665 Mario
1055 2637 1233 2673 Magdaleno.
1273 2637 1479 2672 sigismundus,
1505 2638 1641 2672 Andreas,
1667 2638 1806 2670 Erasmus,

454 2687 548 2707 omnes
566 2680 628 2715 pbri
647 2689 681 2708 ac
700 2681 836 2708 mimonii
855 2681 976 2708 Althaee
994 2681 1130 2708 Inferiori.

244 2792 268 2826 ι)
289 2792 411 2826 Sequitur
427 2798 490 2819 ‘nota
508 2803 594 2821 erasa.
699 2793 726 2828 b)
747 2795 808 2821 eod.
914 2795 939 2827 c)
958 2795 983 2821 Β
994 2795 1097 2821 adnot..·
1114 2795 1243 2821 Iohannes
1255 2795 1403 2829 Chedinger
1415 2795 1455 2821 ob.
1469 2795 1525 2829 pbr.
1538 2798 1564 2821 et
1580 2804 1645 2827 ean„
1663 2796 1695 2822 fr.
1708 2804 1742 2827 n.‚
1761 2796 1807 2828 qui

139 2835 270 2868 quondam
289 2840 403 2870 tempore
421 2837 472 2863 fuit
489 2838 646 2871 pedagogus.
752 2837 778 2871 ⁴³)
796 2843 887 2872 partus
905 2837 1026 2872 supplevi.
