2150 3178
562 183 827 211 NECROLOGIUM
845 183 1032 211 CANONIAE
1051 183 1101 210 AD
1119 183 1145 211 S.
1159 183 1411 211 HIPPOLYTUM.
1752 187 1814 217 509

468 270 654 301 Albertus
678 271 949 302 Tiernstainer
970 270 1047 312 pbr.
1068 281 1112 302 ac
1135 270 1322 312 regularis
1346 281 1422 302 can.
1444 271 1610 303 ecclesie
1638 272 1674 302 in
1698 271 1814 303 Walt-

467 321 625 359 hausen,
650 321 714 353 cfr.
732 333 763 353 n.
802 322 1025 354 Ohunradus
1042 322 1087 353 de
1104 322 1334 363 Tyernstain
1350 322 1429 363 pbr.
1447 322 1492 354 de
1509 322 1814 365 Hertzogburga,

467 373 531 404 cfr.
547 384 576 404 n.
628 372 684 404 Fr.
702 373 855 404 Ulricus
885 383 956 404 sac.
980 375 1017 404 et
1045 383 1086 404 m.
1111 373 1150 403 in
1173 372 1215 403 S⁸
1232 371 1364 413 Cruce,
1397 373 1462 404 cfr.
1479 372 1523 415 n.]
1553 376 1586 404 et
1613 373 1650 404 fr.
1667 373 1815 405 Andreas

466 429 495 455 s⁰
510 424 614 455 Marie
637 425 668 455 in
692 424 1004 465 Pawngartenperg,
1034 423 1102 465 pbr.
1120 427 1152 455 et
1176 424 1232 455 cfr.
1247 434 1277 454 n.
1323 423 1446 466 Caspar
1468 434 1558 466 ppos.
1580 424 1673 456 monii
1695 424 1718 455 s¹
1737 424 1814 456 Flo-

466 475 593 517 riani¹)‚
617 475 686 517 pbr.
705 478 737 507 et
759 475 815 506 cfr.
830 486 859 506 n.
905 475 1136 507 WVenczeslaus
1160 475 1200 507 de
1217 475 1393 517 Witingaw
1417 475 1485 517 pbr.
1503 478 1536 507 et
1556 476 1611 507 cfr.
1624 487 1655 507 n.
1693 475 1733 507 D.
1746 476 1813 507 An-

467 526 562 559 dreas
585 526 672 568 pleb.
690 527 722 558 in
746 526 782 558 8ο
798 526 942 568 Ypolito‚
966 527 1036 568 pbr.
1054 530 1087 558 et
1109 527 1147 558 fr.
1164 538 1204 567 ιι,
1233 528 1323 559 1483.
1362 527 1510 559 Andreas
1533 527 1708 559 Eberawer
1732 527 1813 559 diac.

465 578 505 610 de
535 578 572 610 8ο
592 578 729 609 Nicolao
758 581 851 609 extra
879 589 987 609 muros
1014 578 1127 610 Patav.
1152 582 1185 609 et
1213 579 1268 610 cfr.
1290 590 1320 610 n.
1367 583 1400 609 D.
1417 579 1592 621 Iohannes⁸)
1615 584 1649 611 de
1673 583 1706 610 8⁸
1727 583 1814 611 cruce

463 629 536 663 pbr.‚
560 629 608 656 cfr.
622 638 649 656 n.
691 629 734 656 Fr.
747 629 871 656 Andreas
895 638 936 655 cv.
959 629 1104 656 Scotorum
1123 629 1250 656 Wienne.
1291 630 1316 662 b)
1325 629 1355 656 D.
1370 629 1491 656 Thomas
1515 630 1548 656 de
1573 630 1606 656 8ο
1628 630 1729 657 Niclao
1753 630 1813 664 pbr.

464 673 494 699 et
512 672 560 699 cfr.
597 672 671 705 Mag.
685 671 787 705 Symon
806 680 865 698 can.
879 671 908 697 in
925 672 1036 698 Summo
1050 672 1175 699 Patavie.
1213 672 1244 699 D.
1259 672 1394 706 Kylianus
1402 673 1424 705 c)
1445 672 1620 699 consiliarius
1639 675 1668 700 et
1687 681 1746 699 can.
1760 672 1813 699 ibi-

467 715 538 748 dem⁷
558 714 619 749 pbr.
632 716 662 742 et
680 715 729 742 cfr.
742 724 777 746 n..
797 715 826 741 et
844 715 895 741 alii
915 715 1018 741 Christi
1037 715 1131 742 fideles
1150 716 1192 742 ob.

160 762 201 790 13.
270 762 317 789 ΙΙΙ.
331 761 368 789 id.
417 757 669 800 Marquardus
685 769 735 790 cv.
754 761 792 789 et
807 759 849 790 fr.
866 770 897 790 n.
933 758 1149 800 [Heinricus
1165 769 1215 790 cv.
1234 762 1271 790 et
1286 760 1328 791 fr.
1341 771 1371 791 n.
1408 759 1498 792 Otto
1515 760 1593 802 pbr.
1611 760 1656 792 de
1672 760 1813 802 Campo

467 810 648 851 lyliorum
665 812 702 841 et
718 810 782 842 cfr.
795 821 826 841 n.
861 809 1068 841 Hainricus
1082 820 1159 851 eps.
1176 811 1340 842 ecclesie
1357 811 1636 854 Secoviensis2)
1653 815 1690 843 et
1706 812 1768 843 cfr.
1782 823 1811 844 n.

467 861 673 893 Hainricus
696 861 882 901 Babarus‚
913 861 1058 893 oblatio
1083 863 1126 893 63
1140 867 1163 899 ᾧ.
1209 862 1400 894 Iohannes
1424 863 1546 895 dictus
1570 863 1744 905 Ungarus
1767 864 1812 895 de

465 912 646 954 Medlico,
670 912 748 954 pbr.
766 916 803 944 et
825 912 889 944 cfr.
906 912 950 955 n.]
997 913 1138 944 Thomas
1160 913 1230 954 pbr.
1248 917 1280 945 et
1301 924 1369 945 can.
1387 914 1427 946 de
1443 914 1572 956 Voraw,
1595 915 1651 948 cfr.
1668 926 1698 946 n.
1744 915 1811 946 An-

466 964 562 995 dreas
596 963 636 995 de
666 963 761 995 Halls
791 964 860 1005 pbr.
887 964 1023 995 ecclesie
1053 964 1076 994 si
1100 964 1225 996 Nicolai
1255 965 1391 996 Patavie
1422 969 1514 997 extra
1545 977 1667 1007 muros,
1702 966 1758 998 cfr.
1781 977 1812 998 n.

464 1015 505 1047 D.
526 1015 698 1047 Ludwicus
725 1015 766 1047 de
788 1015 907 1047 Voraw
935 1015 1004 1056 pbr.
1029 1018 1062 1047 et
1087 1016 1142 1046 cfr.
1165 1027 1194 1047 n.
1243 1016 1389 1048 Andreas
1412 1017 1566 1049 Eberawr
1589 1021 1682 1049 extra
1704 1029 1812 1049 muros

466 1066 604 1098 Pata-vie
629 1066 685 1098 cfr.
702 1077 733 1097 n.
778 1072 811 1098 D.
828 1071 1015 1106 Wolfgangus
1039 1072 1134 1098 senior
1156 1072 1190 1099 de
1208 1072 1308 1099 Voraw
1330 1073 1391 1107 pbr.
1408 1075 1437 1100 et
1460 1074 1509 1101 cfr.
1526 1083 1553 1100 n.

158 1122 199 1150 14.
281 1122 315 1149 II.
329 1121 366 1150 id.
410 1112 560 1150 Ebicho
585 1117 663 1159 pbr.
685 1121 723 1149 et
745 1117 785 1149 fr.
802 1129 833 1149 n.
883 1117 1108 1149 chunradus
1131 1117 1290 1150 Grezzlo
1315 1119 1393 1160 pbr.
1413 1123 1450 1151 et
1473 1120 1515 1151 fr.
1532 1131 1561 1152 n.
1607 1120 1812 1152 Heinrieus

464 1180 569 1212 ppos.
587 1170 754 1201 ecclesie
772 1168 1052 1210 Secoviensis³)
1069 1174 1106 1200 et
1122 1169 1185 1200 cfr.
1200 1181 1229 1201 n.
1265 1169 1500 1213 [Wilhalmus
1516 1172 1593 1213 pbr.
1611 1172 1655 1204 de
1672 1172 1811 1213 Campo

465 1221 658 1262 lyliorum,
689 1220 753 1252 cfr.
770 1232 800 1252 n.
846 1220 999 1252 Ulricus
1026 1220 1104 1262 pbr.
1128 1221 1270 1252 ibidem
1300 1225 1337 1254 et
1360 1223 1422 1254 cfr.
1440 1234 1469 1254 n.
1515 1223 1709 1255 Fridricus
1733 1223 1811 1265 pbr.

466 1272 510 1304 de
534 1272 832 1314 Herczenburga
861 1275 898 1304 et
921 1272 1045 1303 dictus
1069 1272 1275 1314 Tannzerd)
1299 1277 1335 1304 et
1358 1274 1422 1305 cfr.
1439 1285 1469 1305 n.
1515 1274 1665 1306 Ulricus
1689 1275 1812 1307 dictus

464 1323 675 1365 Sulczpech
699 1323 744 1355 de
769 1323 809 1354 8ο
825 1323 1005 1355 Floriano
1029 1323 1104 1365 pbr.
1123 1327 1160 1355 et
1183 1324 1247 1355 cfr.
1263 1336 1294 1356 n.
1333 1325 1556 1357 Ohunradus
1580 1337 1682 1368 ppos
1699 1327 1811 1358 Vara-

463 1375 652 1417 wensis⁴)‚
684 1375 761 1417 pbr.
786 1378 822 1407 et
851 1375 915 1407 cfr.
937 1375 981 1417 n.]
1033 1375 1194 1407 Iohannes
1222 1376 1291 1417 pbr.
1316 1380 1349 1407 et
1372 1387 1412 1408 m.
1438 1377 1478 1409 de
1502 1377 1814 1419 szngartenperig,

464 1427 519 1459 cfr.
537 1439 566 1458 n.
607 1426 718 1459 Simon
742 1427 782 1459 de
799 1426 977 1468 Tyrnstayn
999 1426 1067 1469 pbr.
1085 1430 1118 1458 et
1134 1427 1189 1458 cfr.
1207 1438 1237 1458 n.
1278 1427 1468 1460 chunradus
1489 1429 1625 1461 ecclesie
1643 1429 1667 1459 si
1682 1429 1813 1461 Andree

465 1479 542 1510 olim
565 1490 667 1520 ppos.‚
691 1490 721 1510 n.
739 1478 828 1520 cfr.⁵)

155 1535 196 1562 15.
326 1534 363 1561 id.
414 1530 590 1562 Ortlibus
613 1530 692 1572 pbr.
710 1530 755 1562 de
772 1529 1003 1571 Neunburga
1027 1533 1063 1561 et
1079 1530 1144 1561 cfr.
1161 1541 1190 1561 n.
1230 1530 1382 1562 Ulricus
1398 1541 1500 1572 ppos.
1519 1532 1683 1563 ecclesie
1701 1531 1811 1563 Seco-

463 1581 646 1623 viensis⁶)
670 1584 713 1613 et.
730 1582 794 1612 cfr.
812 1592 842 1612 n.
881 1580 1094 1623 [Ludwicus
1118 1581 1163 1613 de
1180 1581 1529 1624 Herczogenburga
1552 1583 1629 1624 pbr.
1648 1586 1685 1614 et
1700 1583 1763 1614 cfr.
1781 1595 1812 1615 n.

462 1632 661 1665 Fridricus
685 1632 1072 1664 Schalichensdorfer
1101 1633 1144 1664 de
1168 1633 1401 1675 Neunburga
1428 1634 1507 1675 pbr.
1529 1637 1566 1665 et
1594 1635 1657 1666 cfr.
1675 1645 1704 1666 n.
1754 1634 1810 1666 Fr.

462 1685 601 1716 Petrus
617 1684 695 1726 pbr.
713 1687 750 1716 et
766 1683 820 1727 m.]
858 1683 910 1716 Fr.
928 1684 1044 1716 Petrus
1061 1695 1108 1716 cv.
1126 1684 1166 1716 de
1180 1684 1387 1726 Witingnaw,
1404 1685 1460 1716 cfr.
1473 1696 1502 1716 n.
1542 1685 1703 1717 Iohannes
1715 1686 1813 1717 Awer

462 1747 509 1768 ac.
528 1739 561 1768 et
581 1737 618 1768 fr.
635 1747 665 1768 n.
682 1747 711 1768 a.
729 1736 853 1778 (14)26.
891 1736 1030 1767 Iacobus
1047 1736 1087 1767 de
1104 1735 1218 1767 Stencz
1234 1736 1302 1777 pbr.
1321 1739 1354 1767 ct
1370 1735 1425 1767 cfr.
1444 1747 1472 1767 n.
1510 1735 1685 1778 Wolfgang
1700 1737 1812 1779 Krueg

463 1787 504 1819 de
527 1787 727 1829 Neunburga
750 1787 819 1829 pbr.
842 1790 875 1819 et
898 1787 954 1818 cfr.
971 1798 1001 1819 n.
1047 1787 1087 1819 D.
1104 1787 1210 1819 Adam
1234 1798 1276 1819 ex
1298 1787 1541 1830 Reichensperg
1563 1788 1632 1830 pbr.
1655 1791 1688 1819 et
1709 1788 1763 1820 cfr.
1781 1799 1810 1820 n.

463 1838 495 1866 D.
510 1838 679 1866 Benedictus
698 1839 732 1865 de
751 1838 782 1865 8ο
799 1838 919 1865 Nicolao
937 1838 1036 1865 Patav.
1049 1838 1110 1872 pbr.
1125 1840 1154 1865 et
1173 1838 1220 1864 cfr.
1234 1847 1260 1865 n.

154 1886 194 1913 16.
227 1885 314 1913 XVII.
328 1885 384 1912 kal.
411 1882 589 1913 Alhaidis
614 1887 675 1913 cv*
698 1885 735 1913 et
759 1893 830 1914 sor.
847 1893 878 1913 n.
925 1881 1149 1923 [Hartnidus
1172 1881 1464 1923 Lampoltinger
1486 1892 1589 1923 ppos.
1612 1883 1646 1913 in
1671 1882 1809 1914 Percli-

463 1933 727 1975 tolsgadem⁷)‚
751 1933 816 1964 cfr.
833 1944 863 1964 n.
909 1932 1061 1964 Ulricus
1084 1933 1162 1974 pbr.
1180 1932 1224 1964 de
1247 1932 1408 1964 Secovia
1431 1936 1468 1964 et
1491 1933 1555 1964 cfr.
1572 1943 1601 1964 n.
1648 1933 1809 1965 Gerhar-

465 1984 533 2015 dus
559 1984 637 2026 pbr.
663 1984 793 2016 domus
816 1984 844 2015 si
866 1984 1052 2024 Floriani,
1082 1984 1146 2015 cfr.
1163 1995 1193 2015 n.
1243 1984 1384 2015 Paulus
1408 1983 1649 2029 Secoviensis
1672 1984 1748 2026 pbr.
1773 1989 1810 2017 et

462 2036 527 2067 cfr.
552 2046 582 2067 n.
636 2035 850 2067 Katherina
883 2036 956 2067 m¹is
985 2035 1127 2067 ibidem
1162 2038 1199 2066 et
1233 2045 1374 2067 consor.
1398 2046 1426 2066 n.
1480 2036 1654 2067 Artolfus
1686 2036 1809 2068 dictus

462 2087 577 2119 Paier
599 2086 743 2118 ibidem
766 2087 845 2129 pbr.
863 2090 900 2118 et
919 2087 983 2118 cfr.
1001 2098 1030 2118 n.
1070 2086 1260 2118 Iohannes
1276 2086 1354 2128 pbr.
1372 2086 1416 2117 de
1433 2086 1659 2128 Newburga,
1684 2088 1745 2119 cfr.
1764 2087 1808 2130 n.]

461 2138 623 2170 Iohannes
645 2138 827 2180 Wispechk
851 2138 892 2170 de
916 2138 953 2170 S⁰
969 2138 1120 2170 Floriano
1144 2138 1213 2180 pbr.
1236 2141 1269 2170 et
1291 2139 1347 2170 cfr.
1363 2149 1392 2169 n.
1419 2180 1421 2182 ι
1439 2137 1661 2180 Wolfkangus
1684 2149 1749 2171 acc.
1768 2139 1807 2171 de

461 2190 702 2232 Hmczoburga,
727 2191 783 2221 cfr.
800 2201 830 2221 n.
870 2188 1092 2231 Wolfkangus
1115 2200 1162 2221 cv.
1179 2189 1310 2229 ibidem,
1335 2190 1391 2221 cfr.
1408 2201 1437 2220 n.
1477 2189 1571 2221 Anna
1591 2189 1632 2222 de
1649 2189 1808 2222 Gottwico

461 2242 534 2283 mm,
558 2252 680 2274 consor.
698 2253 727 2273 n.

153 2298 194 2326 17.
240 2297 313 2324 XVI.
328 2297 386 2324 kal.
415 2293 618 2325 Udalricus
634 2293 711 2335 pbr.
726 2296 763 2325 et
779 2293 820 2324 fr.
834 2304 863 2324 n.
901 2293 1117 2334 Meingotus
1134 2303 1236 2334 ppos.
1250 2292 1379 2324 Patav.
1415 2292 1611 2334 ²)Sifridus
1628 2303 1731 2334 ppos.
1745 2293 1807 2334 n.⁸)

463 2343 666 2387 [Nycolaus
682 2344 937 2386 Pyestnicher
954 2344 1052 2386 pleb.
1071 2344 1116 2375 de
1133 2343 1387 2384 Gravendorf,
1411 2344 1557 2375 oblatio
1577 2347 1586 2375 1
1610 2344 1671 2375 tal.
1710 2344 1806 2376 Rue-

461 2407 574 2438 gerus
598 2396 642 2428 de
666 2396 834 2428 Medlich
858 2399 896 2428 et
918 2406 976 2427 ux.
995 2396 1077 2439 eius
1101 2395 1362 2437 Chunigundis
1386 2398 1423 2427 et
1446 2395 1498 2426 fil.
1516 2396 1597 2427 eius
1619 2395 1806 2427 Pernhar-

460 2447 542 2488 dus,
573 2447 721 2479 o'blatio
756 2447 789 2488 ¹l2
815 2447 878 2478 tal.
923 2447 1060 2478 Petrus
1083 2446 1370 2478 Gebelstorffer
1402 2446 1567 2478 ecclesie
1595 2446 1621 2476 si
1644 2446 1807 2488 Nycolai

255 2539 278 2570 ¹²)
299 2538 421 2571 Sequitur
439 2539 603 2564 emtinctum:
625 2539 708 2564 dictus
726 2539 852 2571 Wolffing
865 2538 908 2571 (3).
1002 2537 1026 2570 b)
1044 2538 1128 2563 Notae
1150 2539 1304 2570 sequentium
1325 2538 1458 2562 nominum
1481 2539 1564 2563 colore
1585 2538 1665 2563 rubro
1688 2538 1805 2570 scriptae.

151 2579 174 2613 c)
194 2580 316 2613 Sequitur
338 2590 430 2607 nomen
455 2581 619 2614 yeniilitium,
643 2582 716 2609 cuiue
742 2582 812 2607 lectio
839 2582 938 2606 incerta
960 2585 1003 2606 est.
1126 2579 1151 2612 d)
1176 2581 1276 2605 Partim
1299 2589 1414 2612 erasum,
1443 2589 1524 2613 quare
1547 2581 1618 2606 lectio
1641 2581 1740 2606 incerta
1761 2585 1804 2606 est.

152 2623 175 2655 ⁰)
195 2623 328 2656 Sequentia
345 2625 455 2649 neminie
473 2629 535 2650 nota
553 2625 714 2657 necrozoqica
732 2625 817 2650 colore
835 2624 913 2649 rubro
932 2623 1036 2655 scripta.

256 2686 276 2719 ¹)
304 2685 439 2719 Casparus
465 2686 489 2713 I.
520 2686 695 2713 Seusamcker
723 2688 892 2713 1417-1436.
999 2686 1020 2719 ²)
1047 2686 1193 2712 Heinricus
1220 2685 1244 2712 Ι.
1271 2688 1388 2719 123101.
1408 2688 1472 2712 1232
1498 2686 1678 2719 consecratus)
1698 2689 1804 2712 —1243.

152 2728 173 2762 ³)
192 2727 344 2755 Heifmicus
362 2729 466 2762 Ριιιεεῖ,
489 2729 527 2756 ob.
542 2731 603 2762 post
621 2732 684 2756 1333
701 2738 726 2756 α.
740 2729 850 2755 incerto.
957 2729 978 2762 ι)
1006 2728 1150 2755 Gom-aolus
1166 2728 1227 2755 III.
1248 2731 1421 2755 1383-1397.
1529 2730 1549 2761 ⁶)
1571 2728 1714 2755 Gom-adas
1732 2729 1802 2761 ΙΙΙ.,

150 2770 190 2798 ob.
208 2779 234 2798 α.
248 2775 308 2798 1411
332 2771 384 2798 Iul.
398 2774 428 2798 13
450 2774 498 2798 aut
517 2776 558 2798 14.
665 2773 684 2805 ³)
712 2772 821 2799 Ulricus
840 2771 881 2797 ΙΙ.
901 2770 1036 2798 Ρνανισλτω·
1071 2771 1109 2798 ob.
1133 2780 1159 2798 a.
1181 2774 1254 2798 1333.
1364 2772 1386 2804 ¹¹)
1413 2770 1459 2798 Ob.
1484 2779 1510 2798 α.
1529 2774 1593 2798 1306
1614 2779 1699 2798 mense
1724 2771 1805 2798 lulio.

152 2815 173 2847 ¹³)
192 2813 313 2849 Sifhitbus
331 2814 373 2842 II.
393 2814 488 2841 electus
505 2823 527 2842 c.
547 2818 616 2848 1210,
634 2815 672 2842 ob.
692 2824 718 2842 a.
737 2815 847 2842 incerto.
