2150 3178
706 166 969 195 NECROLOGIUM
988 164 1229 194 GEMNIGENSE.
1729 167 1794 197 443

154 263 180 290 6.
225 260 350 288 V111.id.
401 255 567 288 Conradus
590 265 631 286 m.
650 258 682 287 et
704 264 768 286 sao.
790 256 879 285 1421.

154 313 181 342 8.
251 312 299 339 VI.
311 312 349 339 id.
397 307 559 339 Iohannes
574 305 872 348 Wissengradensis
894 316 936 337 m.
954 307 986 336 et
1008 315 1070 336 sao.
1092 305 1183 336 1430.

142 365 183 392 12.
264 364 299 391 ΙΙ.
312 363 350 390 id.
399 358 577 390 Stanizlaus
599 368 641 389 m.
659 361 692 389 et
714 367 777 389 sao.
798 359 890 388 1404.
935 356 1105 398 Philippus
1126 366 1168 387 m.
1186 358 1219 387 et
1241 365 1305 388 sac.

141 416 182 443 16.
214 415 301 442 XVII.
314 414 372 442 kal.
398 410 552 442 Nicolaus
575 409 686 441 Crucis
709 409 750 440 de
772 408 881 450 Praga
903 408 991 450 prior
1005 407 1110 439 Vallis
1131 407 1286 449 Iosaphat
1309 410 1342 439 et
1363 407 1395 439 h.
1413 407 1475 450 d.¹)
1499 407 1611 450 (prof.)
1634 410 1723 441 1435.

142 467 183 496 18.
242 467 302 495 XV.
313 467 370 495 kal.
396 461 595 504 Augustinus
616 471 659 492 m.
675 463 709 492 et
730 470 794 492 sae.

142 519 183 546 19.
228 517 301 544 XIV.
314 517 371 544 kal.
398 513 559 545 Iohannes
582 511 671 544 Steel
694 522 736 543 m.
753 514 787 543 et
809 521 872 542 sac.
893 511 983 542 1398.

125 570 184 598 21.
241 568 372 596 X11.ka1.
400 564 583 606 Haynricus
606 563 646 595 de
670 563 805 595 Scheibe
827 573 869 594 m.
886 565 920 594 et
942 572 1006 594 sac.

140 621 185 649 25.
226 620 303 648 VIII.
315 620 373 648 kal.
401 615 605 648 Cristofferus
628 615 715 657 prior
735 614 768 646 in
791 614 921 645 Tarkan
946 616 979 646 et
1001 613 1092 646 Seiez
1115 616 1148 646 et
1170 613 1201 645 h.
1219 612 1280 655 d.²)
1308 616 1399 645 1451.

141 673 184 701 26.
243 671 304 699 VII.
316 671 374 699 kal.
400 667 555 699 Nicolaus
577 677 624 698 cv.
642 669 745 698 sartor
771 667 862 697 1460.

141 724 184 752 27.
254 723 303 751 VI.
315 723 373 750 kal.
399 718 582 760 Haynricus
605 728 653 750 cv.
670 717 856 750 cellerarius
883 719 973 748 1457.

141 775 186 804 28.
263 776 296 803 V.
312 775 371 802 kal.
399 770 439 802 D.
456 769 639 802 Friderieus
661 769 768 801 senior
789 768 822 800 in
844 767 1009 800 Pletriaeh
1033 770 1067 800 et
1088 768 1119 799 h.
1137 767 1307 810 (1.3),1443
1331 769 1434 801 eciam
1457 768 1539 810 prof.
1556 769 1618 801 hic.

811 881 1130 918 FEBRUARIUS.

160 965 184 992 8.
253 964 302 992 VI.
315 964 352 991 id.
400 958 611 992 Leonhardus
633 958 721 1000 prior
741 958 772 990 h.
788 957 850 1000 d.⁴)
880 959 958 990 1390
986 956 1079 1000 sub’)
1105 982 1336 989 ........
1361 962 1424 990 sm.
1466 958 1604 991 Iacobus
1626 970 1669 991 m.
1684 962 1717 991 et
1732 970 1796 992 sac.

455 1013 533 1043 1401
559 1011 675 1042 senior.

144 1068 186 1097 14.
231 1067 304 1095 XVI.
317 1067 374 1094 kal.
401 1062 597 1095 Benedictus
618 1061 706 1104 prior
728 1062 761 1092 in
783 1061 942 1093 Leehnicz
964 1060 1024 1092 vic.
1042 1063 1075 1092 et
1097 1063 1286 1102 procurator
1309 1064 1342 1093 et
1363 1061 1406 1093 fil.
1423 1062 1454 1093 h.
1472 1062 1502 1094 d.
1523 1063 1613 1094 1465.

143 1120 185 1147 18.
242 1118 303 1147 XII.
316 1118 373 1146 kal.
400 1113 563 1146 Iohannes
585 1113 728 1146 Polanus
750 1112 895 1145 redditus
918 1122 981 1144 sac.
1002 1111 1125 1155 1418.¹³)

855 1226 1085 1263 MARTIUS.

159 1309 183 1336 1.
314 1308 372 1335 kal.
403 1302 608 1335 Oristofferus
631 1302 719 1344 prior
741 1302 774 1334 in
797 1301 897 1344 Seycz
923 1305 1004 1334 1477
1028 1305 1243 1345 cognomento
1267 1301 1413 1335 Stoekel.

158 1360 185 1389 2.
256 1359 303 1386 VI.
316 1366 380 1385 non.
402 1354 609 1387 Hermannus
632 1353 673 1386 de
697 1353 839 1386 Saxonia
861 1364 903 1386 m.
922 1356 955 1386 et
977 1364 1040 1386 sac.

145 1412 185 1440 10.
255 1410 304 1438 VI.
316 1410 355 1438 id.
402 1406 526 1448 Caspar
547 1417 590 1438 m.
607 1409 640 1439 et
662 1416 727 1437 sac.
747 1407 838 1437 1474.

144 1464 185 1492 19.
230 1462 304 1490 XIV.
316 1462 374 1490 kal.
400 1458 518 1490 Petrus
539 1458 704 1490 Bohemus
731 1460 837 1489 rector
864 1457 978 1489 domus
999 1457 1131 1498 Bolani,
1160 1468 1203 1489 m.
1254 1457 1462 1501 [Wilhelmus
1483 1458 1589 1491 Hofer
1612 1459 1652 1492 de
1675 1459 1798 1492 Lanez·

453 1510 567 1542 huetta
589 1509 708 1541 artifex
731 1509 906 1541 admodum
928 1509 1136 1551 industriusc)
1163 1511 1256 1550 1483,
1279 1510 1374 1542 huius
1397 1511 1504 1552 operis
1527 1510 1642 1554 auton]

143 1566 186 1594 23.
269 1566 302 1593 X.
315 1565 372 1593 kal.
402 1562 565 1594 Iohannes
588 1561 628 1593 de
651 1561 798 1593 Moravia
820 1561 907 1602 prior
929 1560 960 1592 h.
978 1560 1039 1602 d.⁵)
1063 1564 1096 1592 et
1119 1561 1225 1593 senior
1251 1563 1342 1593 1379.

143 1618 186 1646 24.
258 1617 305 1645 IX.
317 1617 374 1644 kal.
401 1612 541 1645 Mathias
565 1612 606 1644 de
630 1612 818 1644 Stockeraw
840 1611 985 1644 redditus
1007 1622 1071 1644 sac.
1091 1614 1182 1644 1470.

143 1667 188 1698 29.
260 1669 306 1696 lv.
319 1668 376 1696 kal.
404 1663 571 1697 Conradus
594 1664 635 1696 de
659 1663 754 1705 Spita
775 1674 817 1695 m.
835 1667 868 1695 et
891 1673 954 1695 sac.
971 1664 1004 1694 in
1027 1663 1080 1696 die
1102 1674 1199 1705 pasce
1226 1663 1349 1706 147251)

885 1777 1058 1815 IUNIUS.

158 1858 184 1888 3.
255 1859 379 1886 III.n0n.
403 1854 586 1896 Stephanus
608 1865 651 1886 m.
668 1857 701 1886 et
723 1863 799 1894 sae„
822 1855 1010 1895 procurator
1036 1854 1127 1885 1419.

158 1911 184 1940 ’7.
239 1910 299 1937 vn.
314 1910 352 1937 id.
401 1906 564 1938 Iohannes
587 1905 628 1938 de
652 1905 863 1938 Camerstarfl'
883 1906 970 1947 prior
993 1904 1024 1936 h.
1041 1904 1104 1947 d.⁶)

143 1962 188 1990 23.
259 1961 307 1989 IX.
319 1961 377 1989 kal.
404 1956 604 2001 [Franciscus
626 1957 745 1999 hospes
768 1957 809 1989 de
831 1955 1039 1999 Mawrbaco]

144 2014 187 2042 25.
244 2013 307 2041 vn.
319 2013 376 2040 kal.
403 2008 531 2041 Uli-icus
552 2010 641 2051 prior
661 2009 695 2040 in
716 2009 881 2049 Fraenicz,
904 2012 1093 2050 procurator
1115 2011 1148 2040 et
1170 2008 1212 2040 fil.
1228 2008 1260 2040 h.
1278 2008 1308 2040 d.

145 2065 186 2094 26.
257 2066 303 2094 VI.
318 2066 376 2093 kal.
401 2060 608 2093 Hermannus
631 2060 672 2093 de
694 2059 906 2093 Oamerstarff
925 2070 968 2092 m.
986 2062 1019 2091 et
1041 2070 1117 2101 sac„
1140 2060 1244 2102 pictor
1270 2062 1362 2093 1436.

145 2117 189 2145 27.
269 2117 304 2145 V.
316 2117 374 2145 kal.
404 2112 565 2145 Iohannes
588 2112 629 2144 de
653 2111 690 2144 S⁸
706 2111 809 2144 Gruee
832 2111 945 2154 abbas,
967 2111 1055 2153 prior
1077 2112 1109 2143 in
1133 2111 1288 2144 Olmuncz
1315 2114 1406 2144 1449.

887 2226 1057 2263 IULIUS.

160 2306 186 2335 5.
255 2307 305 2334 ΙΙΙ.
318 2314 381 2334 non.
404 2302 589 2335 Oristannus
611 2302 699 2344 prior
720 2302 753 2333 in
775 2301 906 2344 Aspach
930 2304 963 2334 et
985 2301 1089 2334 Vallis
1111 2301 1224 2334 auxilii
1249 2302 1341 2333 1442.

159 2358 187 2386 7.-
313 2367 380 2386 non.
404 2353 555 2386 Urbanus
577 2353 669 2386 Craft
690 2364 733 2385 m.
750 2357 784 2386 et
805 2363 869 2385 sac.
888 2355 979 2386 1435.
1026 2353 1193 2385 Conradus
1216 2362 1263 2385 cv.

251 2463 276 2496 ὃ)
295 2463 408 2496 Sequens
429 2463 505 2488 huiu-
526 2467 601 2489 rwtae
618 2471 686 2496 pars
708 2471 785 2489 erasa
807 2463 856 2496 leqi
876 2463 969 2495 nequit.
1073 2461 1098 2494 b)
1118 2462 1172 2488 Sub
1194 2462 1311 2496 margine
1333 2461 1455 2495 inferiori
1472 2461 1562 2487 eadem
1579 2469 1672 2487 mamas
1690 2462 1800 2488 notavit.-

148 2506 212 2532 Item
229 2507 311 2539 reperi
329 2507 356 2532 in
374 2507 486 2539 antiquis
504 2506 582 2532 cartis
599 2507 708 2539 capituli
725 2506 853 2540 generalis
871 2507 1017 2539 aliquorum
1035 2509 1128 2531 m⁰1¹¹¹¹¹
1146 2506 1261 2537 nomina,
1289 2505 1335 2537 qui
1352 2513 1403 2530 non
1422 2508 1483 2530 sunt
1500 2505 1589 2538 scripti
1605 2505 1632 2529 in
1649 2505 1799 2531 kalendario

147 2552 179 2574 n⁰
197 2549 319 2575 videlicet
335 2558 360 2575 a.
372 2549 468 2575 Christi
488 2551 566 2575 1334:
590 2549 763 2575 Theodericus
781 2558 815 2576 m.
832 2553 858 2575 et
880 2558 947 2580 sam,
971 2550 1045 2575 euius
1062 2549 1157 2575 ibidem
1175 2549 1281 2581 quidam
1299 2548 1442 2574 Leutoldus
1459 2548 1587 2580 meminit,
1612 2548 1681 2580 quod
1698 2556 1723 2581 p.
1737 2556 1800 2574 suus

147 2593 227 2618 fuerit
253 2593 372 2626 specialis
399 2591 518 2625 (amicus)
544 2596 571 2618 et
595 2596 705 2625 uterque
731 2593 825 2618 nullibi
851 2593 985 2626 reperitur.
1029 2594 1094 2618 Item
1116 2592 1270 2626 Lewpoldus
1295 2591 1411 2617 redditus
1432 2595 1458 2616 et
1480 2598 1532 2616 sac.
1551 2592 1626 2617 1349.
1666 2591 1799 2617 Conradus

149 2640 300 2669 procurator
317 2636 397 2661 Troni
413 2637 487 2662 1351.
522 2636 687 2669 Sigishardus
705 2644 739 2661 m.
752 2640 778 2662 et
795 2644 847 2661 sac.
863 2637 937 2662 1359.
977 2636 1103 2661 Iohannes
1121 2638 1274 2668 procurator
1289 2636 1364 2660 1376.
1476 2632 1500 2666 ὓ)
1521 2633 1583 2659 Ood.
1693 2632 1718 2667 d)
1737 2634 1800 2661 Post

149 2679 216 2704 hunc
235 2687 344 2704 memem
361 2687 442 2704 unum
460 2678 553 2711 folium
571 2679 684 2704 evulsum
703 2679 874 2710 desideratur,
891 2679 919 2704 in
935 2687 985 2711 quo
1003 2686 1100 2704 memes
1117 2678 1219 2711 Aprilis
1237 2681 1261 2703 et
1278 2677 1367 2702 Maius
1385 2677 1588 2702 continebantur.

254 2750 274 2784 ¹)
292 2753 468 2778 1424—1430.
563 2751 584 2784 ²)
602 2737 782 2777 1443-1450.
872 2751 892 2784 ¹)
911 2750 1068 2778 fridericus
1085 2750 1111 2777 1.
1129 2751 1299 2777 1430—1443.
1387 2749 1409 2782 ⁴)
1429 2750 1605 2776 1384—1389.
1695 2749 1715 2782 5)
1734 2751 1800 2776 1354

146 2795 252 2821 -1358.
358 2795 378 2827 ⁰)
397 2796 569 2822 1369—1375.

1544 2842 1595 2869 56*
