2150 3178
599 193 814 221 CATALOGUS
831 193 1112 222 DEFUNCTORUM
1130 194 1395 223 ZWETTLENSIS.
1761 199 1822 228 577

167 281 267 312 Dieez
291 279 330 312 de
354 280 494 311 Passaw.
542 281 614 311 202.
638 279 691 311 Fr.
708 279 847 311 Iacobus
869 281 950 322 prof.
998 283 1070 313 203.
1094 280 1244 312 Urbanus
1263 281 1543 314 Frawenbenczel.
1590 284 1662 314 204.
1686 282 1823 314 Iacobus

169 331 387 372 Czuetringer.
433 331 504 362 205.
530 329 649 362 Daniel
671 341 736 362 sae.
782 333 854 363 206.
878 331 996 363 Petrus
1012 332 1170 374 UngaruS.
1217 335 1288 365 207.
1314 332 1506 374 Stephanus,
1530 334 1585 375 qui
1607 334 1669 365 fuit
1686 335 1822 376 suprior,

169 383 220 414 ob.
233 382 371 414 Wienne
388 382 420 413 in
437 381 532 413 domo
554 382 638 413 cirea
654 381 712 413 g...
729 382 980 424 Margaretham,
1005 384 1059 425 qui
1079 383 1139 415 fuit
1159 395 1244 426 mag.
1262 385 1349 416 curie
1365 385 1495 417 ibidem.
1543 387 1614 417 208.
1640 385 1823 427 Stephanus

169 434 210 466 de
233 433 551 475 Wilhaymspurehk.
597 435 668 465 209.
700 433 866 465 Erhardus
896 434 936 466 de
960 435 1090 476 Beytra.
1138 438 1210 468 210.
1242 436 1444 468 Lienhardus
1472 436 1512 468 de
1535 437 1750 478 Attenshaym
1774 447 1822 468 ac.

137 497 149 516 ι
169 489 202 518 et
233 485 357 517 debilis.
410 486 481 516 211.
512 484 673 516 Iohannes
702 488 808 516 custos
840 485 880 517 de
910 486 1079 517 Lossdorff
1105 487 1174 528 pbr.
1227 489 1299 519 212.
1330 487 1491 520 Iohannes
1519 487 1590 520 Rab
1621 488 1661 520 de
1690 488 1822 520 Zwetel.

168 538 239 569 213.
263 536 425 568 Iohannes
440 535 670 567 Rastenfelder
685 535 760 568 abb.
778 536 828 567 ob.
846 547 875 567 a.
890 536 919 567 d.
938 539 1016 568 1445
1035 537 1194 569 dominica
1210 539 1313 579 prima
1329 540 1361 570 in
1377 538 1538 570 Adventu.
1586 541 1658 571 214.
1682 539 1823 572 Michael

138 588 141 590 ’
167 598 238 619 nov.
285 589 356 619 215.
382 586 543 628 Georgius
566 586 639 627 abb.
655 587 760 618 fidelis
783 590 878 618 totus.
925 590 997 620 216.
1022 589 1182 621 Iohannes
1206 590 1379 621 confessor.
1426 592 1498 622 217.
1522 590 1643 622 Paulus
1660 590 1823 632 quondam

166 639 261 681 prior.
309 640 380 670 218.
405 638 565 670 Iohannes
589 637 741 670 Stettner.

703 750 867 781 Nomina
896 756 1020 782 ev⁰¹¹¹¹¹¹
1048 755 1290 783 mortuorum.

125 830 149 849 ιο
271 821 344 851 219.
374 818 464 851 Otto
494 822 657 860 snayter.
711 821 783 850 220.
814 819 989 851 Andreas
1018 823 1130 851 sutor.
1184 822 1255 852 221.
1287 821 1491 852 Hainrieus
1519 821 1680 853 Sanetus
1710 822 1820 853 Ordo.

165 873 237 903 222.
267 871 450 902 Nieolaus
480 871 525 902 de
555 870 722 902 Rechen.
778 873 850 902 223.
882 871 1064 902 Albertus
1095 871 1284 904 Geveller.
1340 874 1412 903 224.
1444 872 1619 904 Artolfus
1651 872 1821 905 Ohirieh-

164 933 311 964 perger.
354 924 426 954 225.
450 922 588 954 Petrus
612 922 658 954 de
674 921 975 964 Rapotenstayn.
1015 925 1087 955 226.
1112 923 1317 955 Hainrieus
1334 923 1466 955 Grillo.
1506 926 1578 955 227.
1602 924 1822 956 Fridericus

165 974 208 1006 de
225 974 465 1006 Potendorff.
501 975 573 1006 228.
598 973 823 1005 Ohunradus
839 973 1055 1016 Peininger.
1092 976 1165 1005 229.
1190 974 1380 1006 Iohannes
1396 979 1573 1007 murator.
1611 978 1683 1008 230.
1707 976 1822 1008 Hain-

163 1026 267 1057 ricus
291 1025 408 1057 faber.
454 1027 526 1057 231.
551 1024 776 1056 chunradus
800 1036 891 1067 mag.
917 1026 1088 1057 laterum.
1136 1027 1207 1057 232.
1233 1026 1480 1058 Eberhardus
1505 1026 1610 1068 Spez.
1656 1028 1728 1058 233.
1752 1028 1821 1058 Ar-

123 1077 284 1108 1⁵tolfus
311 1076 591 1118 Daehsperger.
645 1077 717 1107 234.
748 1078 923 1108 Artolfus
952 1077 1081 1118 opilio.
1136 1079 1208 1109 235.
1238 1078 1489 1109 Liebhardus.
1542 1080 1614 1110 236.
1645 1079 1820 1110 Artolfus

165 1128 293 1169 opilio.
345 1130 417 1160 237.
449 1127 710 1160 Christannus.
757 1129 829 1160 238.
854 1129 1082 1170 Wolfgerus.
1130 1131 1201 1161 239.
1231 1129 1439 1161 Hainricus
1470 1129 1513 1161 de
1539 1130 1699 1171 Weytra.
1746 1133 1819 1163 240.

165 1179 390 1211 Chunradus
413 1179 673 1210 Antenreiter.
728 1182 799 1211 241.
828 1179 1034 1211 Hainricus
1058 1184 1231 1212 murator.
1285 1183 1356 1212 242.
1385 1181 1538 1212 Ulrious
1561 1185 1694 1213 sartor.
1748 1184 1821 1214 243.

164 1231 348 1263 Albertus
376 1231 586 1262 ortulanus.
633 1233 705 1262 244.
737 1231 914 1272 Syfridus
943 1231 1189 1263 Flenstetter.
1237 1234 1309 1264 245.
1339 1232 1546 1264 Hainrious
1577 1243 1700 1264 cocus.
1748 1235 1821 1266 246.

163 1282 369 1314 Hainricus
392 1282 437 1314 de
453 1282 640 1314 Haselaw.
681 1285 753 1314 247.
778 1282 1009 1314 Gartmarus.
1050 1285 1121 1315 248.
1145 1284 1298 1315 Ulricus
1323 1284 1451 1325 opilio.
1492 1286 1563 1315 249.
1588 1284 1820 1326 Leupoldus.

120 1344 145 1363 πο
164 1336 236 1366 250.
260 1334 465 1366 Hainricus
490 1333 757 1366 Scherruebel.
805 1336 877 1365 251.
903 1334 1118 1376 Hegenger.
1161 1337 1232 1366 252.
1258 1335 1482 1367 Chunradus
1506 1335 1619 1367 Sram.
1660 1338 1731 1368 253.
1757 1336 1821 1378 Sy-

164 1386 288 1418 fridus
318 1386 363 1417 de
386 1386 672 1427 Weissenpach.
720 1388 791 1417 254.
821 1386 1072 1417 Hermannus.
1119 1388 1191 1418 255.
1220 1386 1466 1418 Allexander.
1513 1389 1584 1418 256.
1612 1387 1820 1419 Hainricus

163 1438 208 1469 de
231 1437 429 1479 hospitali.
468 1439 540 1469 257.
565 1437 739 1469 Iacobus.
779 1439 851 1470 258.
875 1438 1131 1469 Perchtoldus
1155 1439 1285 1470 Zelitz.
1328 1441 1399 1470 259.
1425 1439 1682 1470 Wernhardus
1706 1443 1822 1471 sutor.

163 1491 236 1521 260.
260 1489 386 1520 Pibro.
426 1491 498 1521 261.
523 1488 747 1520 chunradus
769 1489 895 1530 opilio.
935 1491 1007 1521 262.
1032 1490 1223 1521 Ambicus.
1263 1492 1334 1522 263.
1362 1491 1533 1522 Ortolfus
1550 1490 1821 1523 Stokchrauer.

162 1542 235 1572 264.
267 1539 420 1571 Ulrious
446 1539 629 1572 Gallicus.
683 1542 755 1572 265.
784 1541 969 1583 Rugerus.
1019 1543 1091 1574 266.
1121 1542 1297 1573 Artolfus
1327 1541 1461 1574 Grillo.
1512 1544 1583 1574 267.
1614 1542 1824 1574 Hainrious

118 1602 143 1621 2⁵
163 1593 208 1624 de
231 1593 382 1624 Poesen
404 1591 583 1633 Neytzen.
623 1594 695 1624 268.
720 1592 972 1625 Christannus
993 1593 1183 1625 Proestel.
1223 1596 1295 1625 269.
1320 1594 1456 1625 Petrus
1481 1594 1526 1626 de
1543 1594 1819 1636 Newenburga.

162 1646 233 1676 270.
256 1644 474 1685 Philippus,
509 1645 581 1675 271.
606 1644 792 1675 Martinus
810 1644 854 1675 de
871 1643 978 1676 Nova
994 1644 1120 1676 Domo.
1158 1647 1229 1676 272.
1256 1645 1420 1677 Thomas
1437 1645 1565 1687 opilio.
1603 1647 1674 1677 273.
1701 1645 1822 1677 Chun-

162 1696 275 1727 radus
298 1695 544 1726 Posehfuezz.
595 1697 667 1726 274.
698 1695 904 1727 Hainrious
927 1697 1109 1728 Babarus.
1160 1699 1231 1729 275.
1263 1697 1433 1728 Andreas
1464 1697 1507 1728 de
1533 1697 1698 1728 Wienna.
1746 1698 1817 1728 276.

161 1747 400 1778 Reichardus
423 1746 657 1788 Ronberger.
704 1749 776 1779 277.
802 1747 939 1789 Symon
963 1748 1008 1779 de
1033 1748 1272 1780 Radenrewt.
1319 1750 1390 1780 278.
1415 1748 1607 1780 Iohannes
1630 1747 1817 1779 Elsazzer.

162 1801 233 1830 279.
257 1798 477 1830 Fridericus
505 1798 552 1830 de
581 1798 836 1831 Gaiselberoh
859 1800 936 1831 a.d.
957 1803 1062 1832 1355.
1110 1802 1181 1832 281.
1207 1800 1360 1831 Ulrieus
1383 1800 1565 1832 Chranch.
1612 1801 1684 1831 282.
1708 1799 1818 1831 Nico-

117 1860 143 1879 ao
161 1850 243 1881 laus
259 1849 442 1881 Podbein.
481 1851 553 1882 283.
577 1849 697 1881 Rutzo
721 1850 766 1882 de
782 1851 1071 1893 Rapotenstayn
1092 1854 1195 1884 1357.
1236 1854 1306 1884 284.
1333 1851 1549 1893 Stephanus
1567 1851 1611 1882 de
1627 1851 1817 1882 Haselaw.

161 1903 233 1934 285.
259 1901 418 1933 Gundel.
452 1903 525 1934 286.
550 1901 764 1943 Sighardus
776 1902 972 1944 Weydner.
1008 1905 1079 1935 287.
1101 1903 1256 1935 Ulrieus
1273 1903 1317 1935 de
1335 1903 1438 1934 Nova
1455 1903 1585 1934 Domo.
1622 1903 1821 1934 28813161-

161 1963 284 1985 marus
307 1953 498 1985 Foerster.
546 1955 618 1985 289.
646 1953 840 1985 Michahel
864 1955 994 1996 opilio.
1041 1957 1113 1987 290.
1145 1955 1330 1986 Nicolaus
1355 1955 1458 1986 Tarz.
1505 1956 1576 1985 291.
1602 1954 1821 1995 Leupoldus

161 2004 206 2036 de
231 2004 448 2036 Sohonawe.
497 2006 568 2037 292.
592 2005 809 2037 Hadmarus
833 2016 883 2037 cv.
902 2005 1176 2038 Ottensteiner.
1225 2009 1297 2038 293.
1323 2006 1413 2038 Otto
1438 2017 1488 2037 ev.
1533 2007 1604 2036 294.
1622 2005 1820 2037 W'ernhar-

161 2056 228 2087 dus
251 2055 516 2088 Tumbraczer.
570 2058 642 2088 295.
673 2057 825 2088 Ulricus
856 2067 908 2088 ov.
932 2060 971 2088 et
1001 2058 1133 2099 opilio.
1188 2060 1259 2090 296.
1290 2057 1511 2089 Fridericus
1534 2057 1820 2088 viechmaister.

117 2109 232 2138 ³⁵297.
264 2106 402 2138 Petrus
434 2106 478 2138 de
502 2106 745 2148 Velozperch.
797 2109 869 2140 298.
902 2109 1074 2141 Andreas
1098 2110 1178 2141 Satl
1209 2110 1254 2141 de
1285 2110 1455 2141 civitate.
1506 2111 1577 2140 299.
1610 2109 1742 2140 Tenko
1775 2108 1820 2140 de

159 2158 341 2200 Revinga.
389 2160 460 2190 300.
486 2158 647 2190 Georius
675 2159 719 2191 de
744 2159 903 2192 Wienna
926 2161 1038 2192 valde
1062 2162 1255 2202 antiquus.
1301 2162 1374 2191 301.
1399 2159 1626 2191 chunradus
1650 2159 1820 2191 Schilich

160 2209 263 2241 totus
285 2210 435 2252 probus.
481 2212 552 2242 302.
576 2211 773 2243 Dietricus
797 2211 840 2243 de
866 2212 1096 2244 Ottenstain.
1136 2214 1207 2244 303.
1232 2212 1437 2244 Ludwicus
1461 2211 1600 2253 Seppel
1625 2211 1669 2242 de
1694 2211 1817 2243 Salcz-

160 2272 290 2303 purga.
342 2263 413 2293 304.
445 2261 608 2294 Thomas
630 2262 823 2295 Forester.
879 2265 951 2296 305.
982 2263 1117 2305 Syman
1141 2264 1250 2295 Pawr
1280 2263 1324 2294 de
1349 2262 1572 2294 Obernhoff.
1625 2264 1696 2294 306.
1728 2262 1818 2294 Otto

159 2312 301 2344 Brems.
340 2315 410 2344 307.
433 2313 587 2344 Ulrious
611 2313 832 2346 Schatawer
855 2315 966 2346 valde
990 2325 1117 2346 senex.
1156 2316 1228 2347 308.
1254 2314 1373 2355 Symon
1398 2314 1567 2345 litteratus.
1607 2315 1678 2345 309.
1702 2313 1819 2344 Petrus

115 2375 142 2394 40
161 2364 372 2396 Tumbritzer.
412 2367 484 2397 310.
508 2365 663 2397 Albertus
685 2366 928 2408 Liligenfelder.
968 2369 1039 2399 311.
1064 2365 1275 2398 Volfhardus.
1315 2368 1387 2397 312.
1412 2365 1616 2397 Gebhardus.
1656 2367 1727 2397 313.
1751 2365 1818 2396 Ra-

159 2416 262 2458 finger
287 2416 327 2448 de
351 2417 490 2448 civitate.
541 2418 614 2448 314.
638 2416 760 2448 Paulus
783 2418 887 2450 fidelis
914 2422 947 2450 et
970 2418 1098 2460 probus
1150 2419 1222 2449 315.
1246 2417 1415 2449 Gerwinus
1443 2417 1484 2448 de
1507 2416 1732 2457 Westfaldria,
1764 2417 1819 2458 qui

161 2467 221 2499 fuit
243 2478 328 2509 mag.
345 2468 410 2499 vini
432 2468 546 2510 fidelis,
575 2469 630 2510 qui
653 2469 767 2500 habuit
790 2469 854 2500 frem
878 2468 1040 2510 quendam
1063 2468 1237 2508 carnalem,
1266 2469 1320 2510 qui
1343 2468 1404 2499 fuit
1426 2478 1473 2499 ev.
1495 2468 1527 2499 in
1551 2467 1668 2499 Sancta
1691 2467 1818 2499 Corona

161 2522 194 2550 et
216 2522 360 2551 mortuus
378 2519 510 2561 ibidem,
535 2521 590 2562 qui
606 2521 703 2552 etiam
719 2521 809 2552 stetit
823 2520 992 2551 nobiscum
1008 2531 1067 2561 per
1083 2523 1204 2551 certum
1221 2523 1356 2561 tempus.
1397 2521 1469 2550 316.
1493 2519 1654 2550 Iohannes
1670 2518 1818 2550 Planchk

162 2580 210 2601 ev.
257 2571 328 2602 317.
352 2570 503 2603 Michael.
550 2573 621 2603 318.
645 2571 774 2603 Ulricus
798 2582 869 2603 nov.
917 2572 988 2602 319.
1013 2571 1174 2602 Iohannes
1198 2581 1245 2602 cv.

267 2859 292 2885 N
294 2839 351 2887 nim.
364 2859 469 2887 Psnv.
1578 2860 1611 2886 73
