2150 3178
343 188 408 218 494
750 181 1018 211 NECROLOGIUM
1037 181 1229 210 OANONIAE
1246 181 1296 209 AD
1315 182 1342 210 S.
1354 179 1607 209 HIPPOLY'I'UM.

346 276 387 304 16.
436 275 510 303 XVI.
521 275 579 303 kal.
606 270 821 303 Leutoldus
843 270 922 312 pbr.
944 273 982 303 et
1004 270 1045 302 fr.
1062 281 1093 302 n.
1140 268 1342 302 Gotfridus
1364 268 1443 311 pbr.
1464 270 1503 301 et
1524 267 1567 300 fr.
1584 278 1614 300 ιι.
1659 267 1908 301 Eberhardus
1929 267 2010 310 pbr.

659 326 696 355 et
711 322 753 354 fr.
770 333 800 355 n.
839 322 1046 355 Heinrious
1062 333 1112 355 ev.
1128 324 1166 354 et
1181 322 1223 353 fr.
1240 320 1302 363 n.⁸)
1334 319 1585 364 [Ekhardunq
1600 319 1680 362 pbr.
1697 322 1828 352 stoan.
1846 319 2012 353 ecclesie

659 374 978 417 Salozpurgensis
1006 378 1044 406 et
1072 374 1136 406 cfr.
1157 372 1200 417 n.]
1251 373 1414 405 Iohannes
1437 371 1722 404 Guenderstarffer
1747 371 1819 414 pbr.
1842 375 1876 404 et
1901 371 1958 404 cfr.
1980 381 2012 404 ιι.

656 426 831 458 Ekhardus
843 426 884 458 de
896 425 1140 468 Herozburgab)
1153 425 1223 468 pbr.
1237 427 1271 457 et
1286 424 1343 456 cfr.
1355 435 1386 456 n.
1418 423 1471 456 Fr.
1484 423 1595 456 Sixtus
1607 433 1655 455 ov,
1666 422 1708 455 de
1719 422 1850 456 Mellioo
1867 425 1901 455 et
1913 418 2011 456 ofr.n.

656 478 698 510 D.
721 477 923 520 Conradus·)
950 477 1221 520 Altenburgensis
1250 476 1306 508 ofr.
1328 487 1359 508 n.
1410 475 1554 508 Thomas
1576 474 1698 508 Sohaoz
1729 475 1770 507 de
1801 474 1838 507 S⁰
1859 474 2013 507 Floriano

658 530 727 572 pbr.
745 533 779 563 et
793 530 849 562 ofr.
866 541 896 562 n.
935 530 988 562 Fr.
1004 530 1167 562 Iohannes
1182 530 1271 571 prior
1286 528 1327 560 de
1344 527 1536 569 Chottwico,
1559 526 1631 569 pbr.
1647 529 1682 559 et
1696 526 1753 559 cfr.
1768 537 1799 559 ιι.
1839 525 1880 559 D.
1899 527 2014 570 Augu·-

658 583 759 614 stinus
783 581 892 615 Strobl
919 582 960 614 de
984 581 1020 614 8⁰
1039 581 1177 614 Nicolao
1204 583 1299 613 extra
1320 590 1431 612 muros
1453 579 1613 612 Pathavie
1636 578 1707 621 pbr.
1731 582 1765 612 et
1787 579 1844 612 ofr.
1865 589 1895 612 n.
1941 583 2016 611 Iulia

657 633 917 666 Vellebruennerim
936 641 1043 660 consor.
1056 642 1082 660 n.
1118 632 1151 661 D.
1164 632 1325 667 Stephanus
1343 631 1378 659 de
1391 631 1585 664 Walthausen,
1599 630 1662 665 pbr.
1675 631 1705 658 et
1723 629 1771 658 cfr.
1783 639 1811 657 n.

347 686 388 714 17.
444 687 576 714 XV.kal.
607 681 799 714 Gedrudis
828 687 890 713 cv·
913 685 952 714 et
979 692 1049 713 sor.
1066 692 1097 713 n.
1143 680 1362 713 Wintherus
1390 690 1441 712 ov.
1461 682 1499 711 et
1525 678 1567 711 fr.
1590 689 1622 710 ιι.
1670 677 1859 711 Herradis
1887 682 1950 710 ov·
1977 681 2015 711 et

658 743 728 765 sor.
754 744 784 765 ιι.
844 731 1082 775 [Chunradus
1115 732 1170 764 fil.
1195 731 1342 764 Olrami
1374 732 1412 763 in
1442 730 1571 763 Strata
1602 730 1830 772 claustrali,
1865 729 2015 763 oblatio

659 788 704 816 40
718 789 742 823 ᾧ.
758 785 795 816 in
811 784 1094 817 Prunsaestorf.
1139 783 1368 826 Iohannes·)
1391 783 1471 826 pbr.
1489 786 1527 815 et
1548 792 1591 814 ιιι.
1608 781 1654 814 de
1671 781 1714 814 S·
1730 781 1867 823 Cruoe,
1890 781 1954 815 cfr.
1970 780 2015 826 n.]

657 837 753 869 Vitus
775 836 817 869 de
842 835 967 879 Campo
990 836 1131 868 liliorum
1154 835 1224 878 pbr.
1245 838 1279 868 et
1301 835 1358 867 cfr.
1374 846 1406 868 n.
1451 834 1615 867 Iohannes
1638 833 1680 866 de
1703 833 2016 877 Pawngartenperig

659 889 730 930 pbr.
747 892 780 921 et
803 888 860 920 cfr.
880 899 911 920 ιι.
956 888 1138 920 Katherina
1159 887 1282 920 Rausin
1305 886 1404 919 vidua
1426 887 1564 919 honesta
1587 888 1622 918 et
1644 885 1774 918 devota
1787 889 1820 918 et
1842 896 1967 918 consor.
1983 897 2014 920 n.

658 941 776 973 Anniv.
793 940 824 972 d¹
839 939 992 972 Iohannis
1008 939 1225 972 Goldekkarii
1248 939 1348 971 debet
1369 938 1503 981 singulis
1526 937 1618 970 annis
1631 938 1751 980 ‘peragi
1767 938 1918 980 proxima
1933 937 2016 970 feria

659 993 760 1024 tercia
776 996 851 1034 post
866 992 1062 1024 dominicam
1077 992 1110 1024 in
1126 991 1220 1032 albis,
1236 991 1292 1032 qui
1308 990 1400 1023 dedit
1414 989 1509 1022 nobis
1525 991 1544 1022 2
1557 994 1588 1021 ιιι
1600 994 1624 1028 0).
1642 992 1803 1022 nortorum
1818 988 2015 1022 reddituum.

659 1043 788 1071 Kiiianus
810 1043 875 1071 abb.
894 1043 924 1070 in
941 1043 1166 1077 Seyttenstetten
1177 1044 1210 1077 ¹).
1235 1042 1296 1077 pbr.
1315 1043 1345 1070 st
1363 1041 1412 1069 cfr.
1429 1050 1456 1069 n.
1493 1041 1526 1068 D.
1539 1041 1644 1075 Symon
1662 1040 1781 1075 Reyssor
1799 1039 1860 1075 pbr.
1878 1041 1908 1068 et
1926 1039 1959 1068 fr.
1977 1049 2016 1074 ιι.,

658 1087 707 1121 qui
725 1087 770 1114 ob.
784 1086 812 1114 in
833 1086 1034 1122 Herzogburga
1053 1086 1092 1113 16.
1106 1086 1152 1114 die
1172 1085 1274 1113 mensis
1293 1084 1398 1120 Aprilis
1416 1084 1494 1112 1550.

348 1139 391 1168 18.
436 1139 510 1166 xlv.
523 1139 580 1167 kal.
609 1134 834 1167 Gerhochus
857 1145 909 1167 ον.
926 1138 964 1167 et
986 1135 1027 1167 fr.
1043 1145 1072 1167 n.
1111 1133 1309 1167 christina
1332 1137 1393 1165 ov·
1408 1135 1446 1165 et
1465 1143 1535 1165 sor.
1552 1142 1583 1164 n.
1623 1130 1913 1175 [Chunegundis
1930 1131 2016 1174 mm,

660 1192 721 1219 cv·
745 1190 783 1219 et
804 1197 874 1219 sor.
892 1197 922 1218 n.
968 1186 1134 1218 Mathias
1157 1186 1235 1228 pbr.
1251 1185 1296 1218 de
1312 1184 1478 1217 Medlioo
1502 1186 1541 1216 et
1563 1183 1628 1216 cfr.
1645 1182 1689 1226 n.]
1733 1182 1852 1215 Petrus
1868 1186 1902 1216 et
1915 1183 2015 1217 Nico-

659 1238 730 1271 laus
749 1238 790 1270 de
807 1237 845 1270 S·
860 1238 964 1270 Cruoe
980 1238 1021 1270 ιιιΙ
1037 1241 1071 1270 et
1093 1238 1166 1270 οἶν·
1181 1238 1220 1270 n¹.
1258 1237 1298 1269 D.
1315 1236 1488 1270 Udalrious
1507 1246 1599 1278 ppos.
1617 1239 1652 1268 et
1667 1235 1859 1278 archydyao.
1876 1235 2015 1269 ecclesie

661 1290 865 1323 Seooviensis
874 1290 912 1332 ²),
935 1289 1004 1332 pbr.
1022 1292 1055 1322 et
1078 1289 1134 1322 cfr.
1151 1300 1182 1322 n.
1225 1289 1268 1322 D.
1284 1289 1451 1321 Erhardus
1474 1288 1544 1331 pbr.
1561 1288 1603 1320 de
1620 1287 1659 1320 S·
1673 1287 1842 1320 Dorothea
1864 1290 1898 1320 et
1912 1287 1968 1320 ofr.
1985 1299 2016 1321 n.

659 1342 700 1374 D.
715 1342 877 1374 Iohannes
892 1341 935 1374 de
951 1341 1170 1384 Herozwurga
1177 1341 1205 1383 ¹³)
1222 1341 1278 1374 cfr.
1294 1352 1325 1373 ιι.
1363 1340 1405 1373 D.
1422 1341 1586 1373 Iohannes
1608 1340 1650 1372 de
1665 1339 1922 1382 Herozogburga
1944 1339 2016 1383 pbr.

662 1397 696 1427 et
718 1395 774 1426 cfr.
821 1393 1018 1427 Cristoforus
1040 1393 1167 1426 Sterrer
1188 1393 1343 1426 secularis
1365 1395 1399 1425 et
1421 1392 1478 1425 ofr.
1495 1403 1525 1424 n.
1542 1402 1572 1424 a.
1592 1393 1684 1425 1486.
1730 1391 1940 1434 Margaretha
1961 1402 2016 1425 ux.

661 1457 720 1478 sua
742 1457 771 1478 a.
793 1446 918 1488 (1087.
967 1445 1008 1477 D.
1025 1444 1187 1488 Georgius
1215 1444 1292 1477 abb.
1317 1444 1358 1478 de
1385 1444 1423 1477 Β·
1445 1443 1550 1477 Cruoe
1561 1444 1603 1487 ³),
1633 1444 1690 1476 ofr.
1710 1455 1740 1476 ιι.
1792 1443 2018 1485 sigismundus

661 1498 778 1531 Emser
801 1498 842 1530 de
865 1497 902 1529 S⁰
917 1497 1054 1530 Nioolao
1078 1497 1147 1539 pbr.
1165 1499 1199 1529 et
1221 1496 1277 1529 ofr.
1294 1507 1324 1528 n.
1369 1500 1504 1529 Nioolaus
1518 1500 1729 1528 Hochenhoffer
1750 1500 1780 1533 1..
1805 1499 1856 1528 cfr.
1874 1509 1914 1534 ιι.,
1938 1498 2016 1527 1505.

663 1550 706 1577 Fr.
721 1550 857 1577 Iohannes
875 1549 910 1576 de
928 1548 1180 1576 Gunczenhaussen
1199 1548 1260 1583 pbr.
1279 1549 1308 1575 et
1325 1557 1361 1576 m.
1373 1547 1520 1575 Scotorum
1539 1547 1672 1579 Wienne,
1697 1547 1745 1574 cfr.
1757 1555 1784 1573 n.
1820 1546 1864 1574 Fr.
1878 1545 2016 1574 Iohannes

662 1593 737 1628 pleb.
752 1593 781 1620 in
796 1592 980 1624 Altenburch,
998 1592 1059 1627 pbr.
1073 1594 1102 1620 et
1115 1592 1162 1618 cfr.
1177 1600 1203 1618 ιι.
1236 1591 1268 1619 D.
1278 1591 1417 1618 Iohannes
1430 1590 1522 1618 Friess
1534 1590 1625 1618 senior
1637 1590 1672 1618 de
1682 1589 1875 1617 Waldhausen
1888 1590 1918 1617 et
1930 1589 1979 1617 cfr.
1988 1598 2016 1618 ιι.

350 1647 391 1675 19.
435 1646 511 1674 ΧΗΙ.
524 1646 580 1673 kal.
609 1642 807 1674 Liufridus
823 1651 875 1673 cv.
893 1644 931 1673 et
947 1640 988 1672 fr.
1005 1651 1036 1672 n.
1074 1640 1282 1672 Heinrious
1297 1639 1377 1682 pbr.
1394 1642 1433 1672 et
1448 1639 1490 1671 fr.
1506 1650 1536 1672 n.
1575 1638 1784 1671 Heinrious
1803 1647 1855 1670 cv.
1873 1640 1911 1670 et
1926 1637 1968 1670 fr.
1985 1648 2017 1670 ιι.

661 1693 875 1726 Rudmarus
899 1693 1002 1734 dyao.
1023 1696 1062 1724 et
1084 1692 1126 1724 fr.
1145 1693 1204 1734 n.⁰)
1249 1691 1302 1724 Fr.
1319 1691 1494 1724 Kunradus
1517 1701 1565 1723 ov.
1588 1690 1629 1722 de
1652 1690 1832 1723 Chottwico
1857 1691 1891 1722 et
1913 1689 1970 1722 cfr.
1985 1699 2017 1722 ιι.

661 1745 824 1778 Iohannes
847 1746 956 1777 senior
977 1744 1018 1776 de
1035 1744 1129 1776 Nova
1145 1743 1239 1776 Gella
1261 1743 1331 1785 pbr.
1349 1746 1382 1776 et
1400 1742 1456 1775 cfr.
1473 1754 1503 1775 n.
1541 1741 1582 1774 D.
1598 1741 1800 1784 Augustinus
1815 1740 1885 1783 pbr.
1901 1740 2016 1773 Patav.

662 1801 696 1830 et
719 1797 775 1829 cfr.
795 1808 826 1828 n.
872 1796 1054 1836 Wilhelmid)
1079 1800 1313 1828 Helfendorferus
1340 1807 1422 1835 ppos.
1445 1799 1479 1827 de
1507 1798 1540 1826 S³
1561 1798 1712 1826 Felicitate
1722 1793 1748 1833 ⁴)
1775 1798 1806 1825 et
1828 1797 1877 1825 cfr.
1897 1806 1926 1824 ιι.
1972 1797 2017 1825 Fr.

662 1848 842 1876 Leonhardus
854 1847 1011 1883 Gyesinger
1024 1847 1085 1882 pbr.
1099 1848 1128 1874 et
1140 1856 1176 1873 m.
1190 1846 1219 1873 in
1230 1846 1413 1881 Tegemnme,
1427 1845 1476 1872 cfr.
1488 1854 1515 1872 ιι.
1546 1845 1621 1879 Mag.
1632 1844 1785 1872 Ieronimus
1797 1844 1856 1872 dee.
1869 1843 1899 1871 in
1912 1843 2015 1876 Suben,

663 1892 724 1926 pbr.
738 1894 768 1919 et
786 1892 833 1918 cfr.
846 1901 873 1918 n.
912 1890 1090 1918 Leonhardus
1108 1889 1234 1925 Spiesser
1251 1889 1323 1916 diac.
1337 1888 1372 1916 de
1392 1889 1454 1921 Ror,
1474 1888 1523 1915 cfr.
1536 1897 1563 1914 ιι.

349 1945 393 1974 20.
452 1944 513 1971 XII.
526 1945 583 1972 kal.
610 1940 917 1982 Engelsehalous
947 1949 1000 1971 ov.
1025 1938 1061 1971 S*
1083 1938 1272 1978 Floriani,
1303 1937 1368 1969 cfr.
1388 1947 1419 1968 n.
1472 1936 1564 1968 Otto
1595 1935 1693 1978 pleb.
1718 1934 1754 1967 8¹
1775 1934 1949 1967 Floriani
1980 1937 2019 1967 et

662 1992 727 2024 cfr.
746 2003 775 2024 n.
823 1990 1093 2034 [Wernhardus
1116 1990 1220 2031 mil.0)
1243 1989 1291 2022 de
1307 1988 1503 2021 Nuozdorf
1523 1991 1561 2020 et
1584 1987 1648 2020 cfr.
1665 1998 1696 2019 n.
1741 1986 1917 2028 Mathyas
1940 1986 2017 2019 di'o-

662 2043 753 2086 tuas)
770 2042 1062 2085 Chaeozinger‘)
1079 2042 1207 2074 demin
1221 2040 1588 2083 Herczogenburga‚
1609 2039 1687 2082 pbr.
1701 2038 1819 2071 et'ofr.
1832 2049 1862 2071 n.
1897 2037 1938 2071 D.
1951 2037 2016 2070 Ul·
2049 2036 2055 2040 ’

663 2096 766 2127 ricus
797 2094 970 2136 senior‘)‚
1005 2093 1196 2136 quondam
1228 2092 1311 2125 abb.
1337 2093 1373 2124 in
1406 2091 1548 2134 Campo
1579 2090 1796 2133 lilyorum⁵)
1828 2093 1865 2122 et
1897 2089 1962 2123 ofr.
1985 2101 2016 2122 n.

663 2147 870 2180 Heinrious
902 2146 979 2189 pbr.
1005 2149 1044 2178 et
1075 2156 1152 2178 ean.
1181 2145 1227 2177 de
1257 2144 1393 2177 Stenoz
1425 2146 1463 2176 et
1493 2143 1558 2175 cfr.
1582 2141 1626 2186 n.]
1677 2141 1851 2174 Mauricius
1883 2141 2017 2184 diemsf)

664 2223 803 2232 .....
821 2199 983 2241 glingerss)
1013 2198 1054 2230 de
1077 2196 1388 2239 Perichtolczgaden
1415 2195 1485 2238 pbr.
1507 2198 1541 2227 et
1569 2195 1625 2227 cfr.
1642 2205 1672 2226 ιι.
1721 2193 1849 2225 Ibidem
1871 2193 2014 2226 Wendel

662 2251 749 2283 diota
771 2251 963 2283 Liebhartin
990 2260 1114 2282 consor.
1134 2261 1164 2281 n.
1210 2247 1438 2289 Chunradush)
1465 2247 1534 2290 pbr.
1559 2250 1592 2279 et
1615 2246 1653 2278 fr.
1672 2257 1702 2278 ιι.
1749 2244 1887 2277 Georius
1909 2244 2014 2277 dictus

662 2303 764 2335 Prant
787 2303 828 2335 de
845 2302 969 2344 Campo
986 2301 1126 2334 liliorum
1146 2300 1216 2343 pbr.
1234 2303 1268 2332 et
1283 2300 1320 2332 fr.
1338 2310 1368 2332 ιι.
1408 2299 1571 2331 Iohannes
1587 2298 1669 2330 diac.
1686 2297 1727 2330 de
1743 2296 1867 2329 Zwetla
1883 2299 1916 2329 et
1931 2296 1969 2328 fr.
1985 2307 2016 2329 ιι.

663 2355 851 2396 Margareta
873 2354 910 2395 1·,
937 2354 1028 2395 virgo
1053 2356 1086 2385 et
1109 2363 1233 2385 consor.
1250 2363 1293 2393 n.‚
1317 2351 1442 2393 (14)51.
1487 2350 1650 2382 Iohannes
1673 2349 1714 2381 de
1737 2347 1925 2391 Newburga
1947 2347 2017 2390 pbr.

666 2410 699 2438 et
722 2406 778 2438 cfr.
794 2417 824 2437 n.
870 2405 1060 2437 Walthasar
1083 2405 1165 2436 diac.
1186 2404 1228 2436 de
1251 2403 1402 2443 Seoovia,
1431 2402 1488 2435 cfr.
1505 2413 1535 2433 n.
1580 2401 1620 2433 D.
1639 2399 1867 2442 Wolffgangus
1889 2400 2019 2441 Angrer

664 2458 734 2500 pbr.
752 2458 793 2490 de
810 2457 946 2489 Seeovia
969 2460 1003 2489 et
1018 2457 1074 2488 cfr.
1090 2467 1121 2488 n.
1159 2455 1347 2498 Appolonia
1363 2453 1637 2486 Geberstorfferin
1653 2454 1687 2484 et
1701 2451 1846 2483 Barbara
1862 2450 2017 2493 Egkerin,

459 2580 483 2613 Ιῑ)
504 2580 626 2613 Sequitur
648 2580 719 2605 locus
741 2588 818 2605 rasus
839 2579 933 2604 minor.
1037 2577 1062 2610 b)
1081 2577 1098 2603 i.
1111 2586 1131 2603 e.
1146 2577 1375 2610 Herzogenburga.
1480 2574 1504 2607 ι“·)
1524 2573 1647 2606 Sequitur
1665 2573 1735 2599 locus
1752 2581 1830 2598 rame
1848 2573 1915 2598 duas
1933 2572 2018 2598 lineas

355 2625 529 2656 complectens,
543 2632 621 2656 super
632 2631 681 2656 quo
694 2623 819 2655 coquentis
831 2622 942 2647 nonn'm's
953 2625 1016 2646 nota
1027 2620 1190 2653 necroloyica
1202 2620 1300 2651 ecripta
1311 2624 1355 2645 est.
1435 2616 1461 2651 11)
1482 2617 1595 2650 Cor-rias
1613 2616 1776 2642 wilhelmus.
1859 2614 1883 2649 θ)
1903 2614 2018 2648 Sequens

354 2671 417 2692 nota
435 2668 467 2693 de
483 2667 616 2692 Nuezdorf
630 2667 686 2700 fere
703 2675 788 2692 erasa.
880 2664 901 2698 f)
925 2665 980 2690 Vox
997 2664 1116 2689 radendo
1130 2671 1216 2696 paene
1233 2663 1325 2688 deleta.
1414 2661 1439 2694 Β)
1457 2661 1558 2686 Nomen
1576 2660 1633 2693 fere
1650 2667 1761 2685 erasum.
1849 2657 1876 2691 h)
1895 2658 2019 2691 Sequitur

355 2711 426 2735 locus
444 2719 529 2736 rasus.

463 2787 482 2820 ι)
503 2786 646 2813 chilianus
659 2785 816 2812 Heumader
827 2787 1003 2811 1477-1501.
1076 2783 1096 2816 ²)
1119 2782 1145 2810 U
1147 2782 1232 2809 tricus
1245 2782 1295 2809 IV.
1312 2781 1439 2808 Choba-ser
1451 2783 1626 2808 1414—1436.
1698 2779 1720 2812 ⁸)
1743 2778 1872 2814 Geor-‚qius
1884 2778 1936 2806 11⁷2
1950 2781 2018 2805 1470

356 2832 464 2856 -1492,
536 2830 558 2863 ⁴)
581 2828 625 2856 Ob.
636 2837 661 2855 a.
672 2832 742 2861 1504,
756 2828 813 2855 dies
824 2836 881 2854 non
893 2829 1005 2854 constat.
1079 2827 1099 2859 β)
1122 2825 1167 2853 Ob.
1178 2828 1238 2859 post
1250 2834 1275 2852 a.
1286 2828 1356 2859 1351,
1371 2833 1425 2859 quo
1437 2832 1511 2850 armo
1523 2823 1680 2857 diqnitatem
1692 2822 1849 2849 abbatialem
1860 2821 2016 2856 resiqnavit.
