2150 3178
0 3093 11 3178 -w--=-·

537 179 801 206 NECROLOGIUM
820 178 1009 206 CANONIAE
1027 178 1075 205 AD
1095 179 1120 206 S.
1135 178 1384 206 HIPPOLYTUM.
1724 182 1787 213 523

447 268 483 297 et
511 277 552 297 m.
577 265 621 297 de
646 265 687 297 S·
710 265 843 305 Cruce,
874 265 937 296 cfr.
955 276 984 296 n.
1036 265 1235 297 Ludwicus
1259 265 1303 297 de
1326 264 1632 307 Herczo(bur)ga
1655 266 1733 307 pbr.
1751 270 1789 298 el:

447 316 510 348 cfr.
530 316 574 359 n.]
624 317 810 358 Margareta
833 317 987 348 Ohlausin
1011 316 1270 358 Salczpurgensis
1292 316 1400 359 mmm),
1431 327 1552 348 consor.
1570 328 1600 348 n.
1652 317 1789 350 Georius

446 368 549 399 dictus
564 369 730 409 Asperger
748 368 890 400 subdiac.
908 368 948 400 de
965 368 1000 399 S⁰
1015 367 1177 408 Floriano,
1201 368 1256 400 cfr.
1273 379 1302 399 n.
1342 368 1484 400 Thomas
1500 368 1604 400 dictus
1619 369 1788 411 Zwingen-

446 419 565 451 dorffer
593 420 700 451 senior
728 419 769 451 de
794 419 829 450 S0
844 419 995 451 Floriano
1019 419 1088 461 pbr.
1106 423 1139 451 et
1162 419 1217 451 cfr.
1235 431 1263 451 n.
1310 420 1525 462 Wolfgangus
1547 420 1745 462 Polhaymer
1767 422 1787 454 l.

446 470 581 511 ibidem,
610 471 664 502 cfr.
683 482 712 502 n.
758 471 797 502 D.
814 471 954 502 Michael
978 481 1041 502 sac.
1063 472 1224 503 secularis.
1269 471 1437 503 Dorothea
1460 472 1572 503 relicta
1595 472 1789 505 Weikhardi

447 522 610 564 quondam
626 522 786 553 scolastici
801 521 840 562 ni,
861 532 983 554 consor.
997 533 1038 562 n.‚
1061 525 1152 564 1461,
1170 523 1285 554 obtulit
1301 523 1393 554 nobis
1412 526 1424 554 1
1445 523 1579 555 calicem
1597 534 1668 555 cum
1685 528 1788 566 prato.

445 573 486 605 D.
503 573 751 615 Wolfg(ang)us
779 573 988 605 beneficiatus
1016 575 1048 605 in
1072 574 1299 616 Schawching,
1329 575 1384 606 cfr.
1406 585 1435 606 n.
1486 575 1525 606 D.
1542 574 1789 618 Wolfg(ang)us

447 627 639 666 cooperator
661 625 692 655 in
708 624 856 656 Hurbem
873 628 906 656 et
922 625 977 657 cfr.
994 636 1023 656 n.
1069 625 1121 657 Fr.
1135 627 1271 668 Magnus
1287 626 1429 658 subdiac.
1447 626 1487 658 de
1504 626 1662 668 Gotwico,
1686 628 1742 659 cfr.
1758 639 1788 661 n.

445 676 625 708 Ieronimus
641 675 865 717 Scherdinger,
882 676 1003 708 Paulus
1018 677 1146 709 Heffter
1162 681 1254 709 extra
1269 688 1377 709 muros
1389 678 1513 719 Patav.,
1530 678 1599 719 pbri
1616 682 1648 710 et
1665 679 1736 711 cfr⁰⁸
1750 680 1788 712 ni.

445 727 575 754 Kilianus
593 727 627 754 de
646 726 679 753 S·
692 727 778 754 Cruce
795 727 856 761 pbr.
873 728 902 754 et
920 727 968 754 cfr.
981 737 1006 754 n.
1043 727 1202 762 Eufemiab)
1222 737 1275 755 von
1296 728 1455 761 Oberstorff,
1476 728 1564 756 Iuditt
1582 729 1708 764 Striglin,
1726 731 1790 756 mles

446 772 476 797 et
494 775 615 797 consor-⁰⁸
633 775 673 796 ne.

139 821 180 847 12.
261 821 296 848 ΙΙ.
310 820 346 847 id.
396 817 687 860 ⁰)Perchtoldus
710 817 787 859 pbr.
812 820 849 848 et
871 828 974 859 ppos.
995 818 1057 859 n.¹)
1103 816 1351 860 [Hermannus
1375 819 1452 860 pbr.
1475 820 1643 851 ecclesie
1667 820 1694 851 si
1717 820 1789 863 Ny-⁴

449 868 548 900 colai
571 871 608 900 et
631 869 694 900 cfr.
712 879 740 900 n.
788 869 877 901 Otto
902 869 978 911 pbr.
997 869 1041 901 de
1059 869 1197 911 Campo
1222 870 1406 912 liliorum,
1431 871 1493 903 cfr.
1512 882 1541 903 n.
1584 871 1790 904 Heinricus

447 920 574 952 dictus
599 920 861 960 Gherenwein,
892 921 955 963 qui
978 921 1084 952 dedit
1106 921 1216 952 nobis
1240 924 1257 952 5
1275 922 1338 953 tal.
1354 927 1374 958 ᾧ.
1422 921 1643 954 Guntherus
1666 924 1790 956 dictus

447 971 571 1003 Grewl
600 972 678 1014 pbr.
702 976 738 1004 et
766 983 842 1004 can.
860 973 1100 1013 Varavensis,
1131 973 1194 1004 cfr.
1215 984 1244 1004 n.
1298 973 1520 1005 Ohunradus
1547 975 1593 1006 de
1617 975 1789 1007 Ohrems-

445 1026 614 1056 munster
644 1024 721 1065 pbr.
746 1027 783 1056 et
812 1025 876 1056 cfr.
899 1023 941 1067 n.]
993 1023 1121 1055 Ulricus
1144 1023 1264 1056 Goetth
1288 1025 1325 1056 fr.
1347 1036 1376 1055 n.
1423 1025 1652 1065 Wolfhardus,
1683 1027 1789 1059 Leon-

445 1074 578 1116 hardus,
606 1075 834 1116 Perchtoldus,
865 1075 935 1107 noxri
958 1077 991 1107 in
1015 1074 1307 1117 Cremsmuenster,
1337 1077 1409 1108 cfr⁰⁸
1432 1077 1469 1108 n¹.
1521 1078 1698 1120 Fridricus,
1729 1079 1789 1111 Or-

446 1126 551 1167 tolfus,
571 1127 618 1158 cvi
632 1127 764 1159 ibidem.
803 1127 854 1159 Fr.
868 1127 1016 1159 Andreas
1033 1127 1074 1158 de
1092 1126 1182 1158 Cella
1198 1127 1301 1159 Marie
1318 1128 1439 1159 ibidem
1456 1129 1600 1170 sepultus
1616 1130 1684 1171 pbr.
1699 1134 1732 1162 et
1747 1142 1789 1162 m.

447 1178 574 1210 Ulricus
587 1178 627 1210 de
640 1178 795 1210 Seccovia
808 1179 876 1220 pbr.
888 1182 920 1211 et
933 1179 987 1210 cfr.
1000 1190 1029 1209 n.
1060 1178 1221 1210 [ohannes
1229 1179 1430 1221 Waehinger
1442 1191 1509 1212 can.
1519 1180 1790 1223 Salczburgensis,

447 1230 516 1271 pbr.
541 1232 574 1261 et
597 1230 652 1262 cfr.
669 1241 699 1262 n.
745 1230 887 1262 Thomas
910 1230 1104 1262 Trenbekch
1128 1230 1197 1272 pbr.
1219 1230 1355 1271 ibidem,
1386 1232 1440 1262 cfr.
1458 1243 1487 1263 n.
1534 1233 1666 1274 Agatha
1689 1233 1789 1265 Stett-

446 1282 558 1313 naerin
579 1281 642 1313 m¹⁵⁸
664 1282 800 1322 ibidem,
832 1293 954 1314 consor.
974 1293 1003 1312 n.
1056 1282 1216 1314 Iohannes
1239 1281 1394 1314 Schueler
1422 1283 1491 1324 pbr.
1515 1284 1646 1315 scolaris
1668 1284 1790 1317 ibidem

449 1336 482 1364 et
504 1333 559 1365 cfr.
577 1344 606 1365 n.
652 1334 769 1365 Petrus
793 1333 833 1366 de
857 1333 893 1365 S⁰
908 1333 1059 1365 Floriano
1083 1333 1152 1375 pbr.
1170 1336 1203 1364 et
1221 1334 1276 1365 cfr.
1293 1345 1323 1365 n.
1368 1334 1408 1365 D.
1425 1334 1619 1367 Laurentius
1642 1336 1788 1368 decreto-

447 1394 517 1415 rum
535 1384 647 1416 doctor
669 1386 701 1416 in
717 1385 954 1427 Hertzoburga,
978 1385 1048 1426 pbr.
1066 1388 1098 1416 et
1120 1385 1175 1416 cfr.
1192 1396 1222 1416 n.
1268 1390 1301 1416 D.
1319 1390 1458 1417 Iohannes
1478 1391 1570 1418 dictus
1584 1390 1691 1418 Welser
1706 1387 1790 1419 monii

447 1435 617 1470 Undensisd)
636 1436 684 1462 cfr.
698 1445 724 1462 n.
761 1436 791 1463 D.
804 1436 966 1463 Ambrosius
984 1436 1105 1463 Hermen
1125 1435 1158 1477 de
1177 1435 1332 1463 Novacella
1350 1437 1411 1470 pbr.
1425 1439 1454 1463 et
1473 1437 1520 1463 cfr.
1534 1446 1559 1463 n.

137 1483 181 1513 13.
311 1486 350 1514 id.
396 1482 539 1515 Albero
573 1483 653 1525 pbr.
680 1484 724 1515 de
758 1483 897 1526 Campo
932 1484 1123 1525 lyliorum,
1158 1483 1223 1515 cfr.
1251 1495 1280 1514 n.
1337 1483 1601 1526 [Wernhardus
1635 1486 1712 1526 pbr.
1745 1486 1789 1518 de

448 1534 662 1576 ⁰)Medlico,
694 1535 757 1567 cfr.
775 1546 804 1567 n.
850 1534 1132 1577 &Weichardus
1159 1545 1231 1566 sac.
1254 1538 1290 1566 et
1314 1547 1354 1567 m.
1379 1536 1422 1567 de
1446 1536 1585 1578 Campo
1609 1537 1789 1579 liliorum,

449 1586 512 1618 cfr.
529 1585 572 1629 n.]
618 1586 807 1619 Ohunradus
830 1587 899 1629 pbr.
918 1590 951 1618 et
974 1597 1042 1618 can.
1060 1587 1092 1617 in
1108 1587 1349 1629 Herczoburga,
1373 1587 1428 1619 cfr.
1445 1598 1475 1618 n.
1522 1588 1682 1621 Iohannes
1697 1589 1789 1631 Hag-

447 1649 555 1670 nawer
578 1638 619 1670 de
635 1638 666 1670 N
668 1638 820 1681 ewburga
843 1639 912 1680 pbr.
930 1641 963 1670 et
979 1639 1035 1670 cfr.
1080 1638 1120 1670 D.
1137 1638 1286 1670 Andreas
1302 1639 1375 1670 abb.
1394 1640 1425 1670 in
1442 1639 1649 1682 Wytingnaw
1658 1640 1696 1682 2),
1720 1641 1788 1682 pbr.

448 1693 481 1721 et
509 1690 565 1721 cfr.
587 1701 617 1721 n.
668 1690 721 1722 Fr.
738 1690 899 1723 Iohannes
929 1690 969 1722 de
993 1690 1081 1722 Roer
1113 1690 1257 1722 subdiac.
1281 1694 1314 1722 et
1343 1690 1398 1722 cfr.
1422 1702 1451 1722 n.
1503 1691 1589 1733 Mag.
1611 1691 1728 1724 Petrus
1758 1696 1791 1725 et

447 1741 618 1782 Iohannes,
641 1742 711 1784 pbr¹
735 1742 775 1774 de
799 1742 836 1774 S·
851 1742 1030 1783 Dorothea,
1054 1741 1123 1783 pbri
1146 1745 1179 1773 et
1203 1742 1274 1773 cfr⁸⁸
1297 1742 1336 1773 n¹.
1383 1747 1425 1774 Fr.
1442 1747 1559 1774 Iacobus
1582 1748 1644 1782 pbr.
1662 1750 1691 1775 et
1706 1758 1743 1775 m.
1760 1749 1790 1775 in

449 1791 627 1827 wittignaw‚
646 1793 695 1820 cfr.
707 1802 742 1825 n.,
761 1793 837 1820 1504.
874 1795 955 1820 Anna
973 1793 1078 1820 Radtin
1097 1793 1130 1819 de
1149 1792 1182 1819 So
1200 1793 1301 1819 Iacobo
1317 1793 1428 1820 Wienn.
1442 1801 1546 1820 consor.
1559 1803 1584 1820 n.
1621 1794 1652 1820 D.
1667 1795 1791 1822 Andreas

449 1835 534 1863 Taest
555 1844 588 1863 ex
611 1836 699 1863 moni⁰
722 1836 778 1863 Rar
802 1836 850 1863 cfr.
863 1845 888 1863 n.
929 1835 1102 1863 Kchaterina
1125 1837 1154 1863 et
1178 1835 1319 1863 Dorosshea
1343 1842 1463 1863 consores
1472 1837 1496 1869 Β)
1521 1842 1561 1863 ne.
1604 1837 1635 1863 D.
1654 1837 1790 1864 Iohannes

449 1877 598 1906 Schoeberl
618 1879 651 1906 de
669 1879 865 1914 Herczoburga
883 1880 943 1914 pbr.
957 1881 986 1906 et
1005 1879 1052 1906 cfr.
1065 1888 1092 1906 n.

139 1928 181 1955 14.
198 1927 301 1956 XVIII.
313 1928 370 1955 kal.
397 1925 550 1958 Ulricus
573 1926 618 1958 de
641 1927 800 1959 Pernaw
823 1938 926 1969 ppos.
950 1928 987 1958 in
1007 1926 1291 1967 Walthausen3)
1316 1929 1353 1957 et
1376 1926 1439 1958 cfr.
1461 1937 1490 1957 n.
1538 1926 1790 1969 [Hermannus

448 1977 526 2019 pbr.
555 1977 599 2010 de
632 1978 768 2019 Varau,
803 1979 867 2010 cfr.
895 1989 925 2009 n.
982 1978 1173 2009 Iohannes
1207 1977 1329 2008 dictus
1365 1977 1512 2009 Cancer
1546 1977 1789 2020 Herczogen-

448 2028 650 2071 burgensis
673 2030 738 2061 cfr.
755 2041 784 2061 n.
828 2029 1050 2061 Chunradus
1074 2028 1281 2070 subdiacffi),
1303 2039 1380 2060 can.
1397 2028 1554 2070 ibidem,
1579 2030 1642 2061 cfr.
1660 2041 1690 2061 n.
1731 2031 1789 2062 Io-

447 2080 592 2113 hannes
624 2081 704 2123 pbr.
729 2082 893 2113 ecclesie
923 2082 950 2113 si
974 2081 1145 2122 Nycolay
1175 2081 1302 2112 Patav.
1329 2084 1366 2111 et
1396 2080 1459 2111 cfr.
1485 2080 1529 2123 n.]
1582 2080 1791 2114 Eberhardus

447 2131 694 2165 Ruchendorfer
721 2133 790 2175 pbr.
815 2132 1017 2165 Secoviensis
1045 2135 1078 2164 et
1105 2132 1160 2163 cfr.
1184 2143 1213 2163 n.
1264 2131 1401 2163 Georius
1426 2131 1528 2163 dictus
1552 2131 1696 2164 Chuchel
1719 2133 1789 2174 pbr.

449 2183 489 2215 dc
506 2183 620 2216 Stencz
642 2188 675 2216 et
694 2185 749 2217 cfr.
766 2196 796 2216 n.
835 2184 875 2215 D.
892 2184 1086 2216 Gebhardus
1103 2184 1143 2215 de
1160 2183 1343 2225 Newburga
1358 2182 1428 2224 pbr.
1446 2186 1479 2214 et
1495 2183 1550 2214 cfr.
1563 2195 1592 2214 n.
1631 2183 1684 2215 Fr.
1697 2183 1789 2216 Chri-

448 2235 597 2267 stofferus
613 2246 678 2268 acc.
696 2236 736 2268 de
752 2236 970 2277 Newnburga,
994 2235 1048 2267 cfr.
1066 2246 1096 2266 n.
1141 2235 1340 2276 Pangracius
1356 2234 1507 2275 subdyac.
1525 2234 1565 2266 de
1582 2234 1789 2277 Herczogen-

448 2287 551 2329 burga
577 2291 610 2319 et
633 2288 688 2320 cfr.
705 2299 735 2319 n.
781 2288 966 2330 Stephanus
989 2287 1029 2319 de
1045 2286 1340 2328 Herczogenburga
1363 2285 1432 2327 pbr.
1450 2289 1482 2317 et
1498 2286 1553 2317 cfr.
1570 2297 1600 2317 n.
1647 2285 1685 2317 D.
1703 2286 1789 2318 'rho-

447 2349 517 2370 mas
539 2339 642 2371 Enser
667 2350 758 2382 ppos.
780 2341 812 2371 in
835 2339 966 2371 Stenntz
975 2339 1013 2381 ⁴),
1039 2338 1108 2380 pbr.
1126 2341 1159 2370 et
1181 2338 1236 2369 cfr.
1255 2348 1284 2368 n.
1331 2337 1415 2379 Mag.
1433 2337 1581 2369 Andreas
1605 2336 1791 2370 Schachner

448 2391 517 2432 pbr.
535 2394 568 2422 et
582 2391 638 2423 cfr.
656 2402 685 2423 n.
703 2391 826 2433 (14)S2.
865 2391 918 2422 Fr.
935 2390 1083 2422 Andreas
1099 2389 1209 2421 Mendl
1234 2389 1273 2420 de
1291 2388 1327 2420 8²
1345 2388 1446 2420 Gruce
1470 2391 1503 2420 et
1526 2388 1582 2419 cfr.
1599 2399 1629 2420 n.
1672 2393 1706 2420 D.
1719 2393 1789 2420 Con-

447 2441 531 2468 radus
554 2441 618 2468 abb.
631 2442 842 2476 Veyxelpaumb
865 2442 900 2468 de
922 2440 1083 2474 seot0s1)⁶)‚
1108 2440 1155 2466 cfr.
1172 2449 1198 2466 n.
1240 2439 1270 2465 D.
1290 2439 1468 2466 Leonhardus
1492 2439 1568 2473 prior
1593 2439 1626 2465 de
1652 2439 1790 2472 Schwatz,

450 2484 511 2518 pbr.
525 2486 554 2511 elz
573 2484 620 2511 cfr.
632 2494 659 2511 n.

242 2595 266 2627 ⁵)
285 2597 416 2622 monuales
434 2597 489 2622 cod.
578 2596 603 2629 b)
624 2597 706 2623 Lectio
718 2598 824 2623 incerta.
911 2595 934 2628 0)
954 2596 1067 2628 Sequens
1084 2599 1146 2620 nota
1164 2595 1248 2620 colore
1266 2595 1344 2620 rubro
1362 2595 1465 2627 scripta.
1490 2587 1492 2590 ”
1552 2592 1576 2625 d)
1596 2593 1619 2619 1.
1633 2602 1655 2619 e.
1673 2594 1790 2620 Undens-

139 2638 282 2664 dorffensis.
370 2638 393 2672 θ)
412 2639 533 2672 Sequitur
544 2641 606 2666 Mel.
618 2649 670 2665 mm
686 2641 842 2666 e-mtinctum.
930 2637 949 2671 ¹')
969 2638 1081 2670 Sequens
1092 2642 1154 2663 nota
1166 2646 1248 2669 supra
1260 2638 1343 2663 locum
1356 2645 1444 2662 rasum
1457 2636 1562 2668 scripta.
1650 2635 1675 2668 Β)
1694 2641 1719 2662 et
1731 2645 1790 2662 con-

140 2689 238 2707 sorore·
256 2682 311 2708 cod.
416 2681 443 2715 h)
463 2683 584 2715 Sequitur
602 2684 672 2708 locus
689 2691 773 2708 rasus.
878 2681 896 2714 i)
915 2682 1003 2707 Scotos
1021 2682 1056 2706 cic
1074 2681 1129 2706 cod.
1167 2680 1286 2712 Sequitur
1306 2681 1375 2705 locus
1393 2687 1470 2704 rasus
1487 2679 1579 2704 minor.

246 2762 266 2795 ¹)
287 2761 407 2795 Qum-me
424 2763 556 2790 canoniae
574 2763 611 2789 ad
625 2763 651 2790 S.
665 2762 844 2796 Hippolytum
858 2769 934 2795 ppos
1023 2762 1044 2794 2)
1063 2761 1101 2787 In
1119 2760 1262 2794 diplomate
1280 2769 1305 2787 α.
1320 2763 1386 2786 1420
1402 2761 1569 2786 mamm-atur.
1659 2760 1680 2792 ³)
1703 2758 1749 2785 Ob.
1762 2767 1789 2785 a.

139 2802 247 2831 incerto.
352 2806 372 2839 ⁴)
393 2805 438 2832 Ob.
452 2809 524 2839 1472,
542 2805 596 2832 dies
613 2815 670 2833 non
687 2808 799 2832 constat.
906 2806 926 2837 ⁵)
946 2806 1117 2832 1528-1541,

1527 2854 1580 2880 66*
