2150 3178
461 617 1020 676 FRAGMENTA
1061 614 1606 675 NEGROLOGII

371 707 1031 767 CANONICARUM
1075 706 1197 764 AD
1244 706 1300 764 S.
1334 705 1700 763 MARIAM

715 795 1354 855 MAGDALENAM

395 885 1676 947 CLAUSTRONEOBURGENSIUM

715 975 1354 1043 ANTIQUISSIMI.

312 1109 524 1164 Fraymenta
552 1122 615 1154 duo
641 1121 809 1162 necroloqii
835 1122 1062 1153 canonicarum
1090 1121 1134 1152 ad
1160 1120 1192 1152 S.
1213 1120 1360 1152 Mariam
1388 1120 1616 1160 Maydalenam
1647 1115 1865 1154 Claustroneo-

207 1175 406 1215 buryensium
437 1173 666 1214 antiquissimi,
700 1183 781 1213 quae
814 1183 916 1212 nuper
948 1175 1072 1213 reperta
1105 1174 1195 1210 sunt,
1233 1182 1290 1203 nos
1321 1172 1429 1203 docent
1463 1171 1616 1203 canoniae
1648 1171 1866 1204 Claustroneo-

207 1226 371 1267 buryensis
396 1225 604 1265 necrologium
631 1225 889 1265 antiquissimum
916 1224 1058 1263 primum
1087 1234 1172 1255 nunc
1194 1223 1291 1262 plane
1317 1223 1514 1263 deperditum
1536 1233 1557 1254 a
1579 1224 1717 1255 canonia
1739 1225 1867 1256 condita

207 1289 236 1310 a.
255 1277 339 1308 1114
367 1287 466 1317 usque
492 1277 535 1308 ad
562 1276 770 1309 Wernherum
791 1276 1012 1316 praepositum
1038 1275 1260 1307 continuatum
1283 1278 1340 1306 aut
1363 1274 1544 1306 calendario
1566 1278 1625 1306 aut
1647 1276 1867 1316 martyrologio

207 1340 370 1361 annexum
388 1328 510 1370 fuisse‚·
531 1327 666 1359 alterum
689 1337 767 1366 vero,
791 1327 885 1359 cuius
907 1327 982 1358 haec
1005 1329 1130 1358 tantum
1145 1326 1330 1368 fraymenta
1346 1336 1430 1358 nunc
1446 1329 1579 1365 exstant,
1597 1330 1672 1366 post
1687 1326 1749 1359 IV.
1766 1338 1868 1360 nonas

206 1381 301 1413 Iunii
326 1391 356 1412 a.
378 1380 464 1411 1166
487 1379 602 1419 procul
630 1379 724 1411 dubio
756 1379 923 1411 Wernhero
946 1378 1127 1419 praeposito
1155 1378 1324 1410 canoniam
1356 1377 1739 1418 Claustroneoburycnsem
1769 1382 1867 1412 annis

208 1432 424 1463 1168-1186
446 1431 626 1462 moderante
647 1431 683 1462 in
706 1430 843 1462 canonia
862 1431 1036 1468 confectum
1059 1440 1123 1461 esse
1145 1432 1274 1461 constat.
1325 1429 1469 1461 Materia
1492 1432 1640 1461 notarum
1661 1431 1867 1472 necroloyica-

206 1494 280 1515 rum
302 1482 429 1515 duabus
451 1482 613 1520 columnis,
637 1481 739 1513 altera
756 1481 902 1523 fratrum
922 1484 951 1513 et
965 1491 1117 1519 sororum,
1141 1481 1243 1512 altera
1256 1481 1471 1520 familiarium
1487 1481 1643 1520 disposita
1658 1485 1711 1514 est.
1750 1483 1867 1516 Necro-

208 1534 324 1575 loyium
350 1544 450 1574 usque
477 1534 522 1565 ad
547 1533 667 1565 saeculi
693 1533 788 1565 XIV.
812 1534 941 1565 initium
970 1533 1006 1564 in
1035 1532 1173 1564 canonia
1199 1533 1420 1564 continuatum
1450 1535 1507 1571 est,
1542 1533 1637 1565 donec
1663 1534 1868 1575 necroloyium

208 1586 467 1626 antiquissimum
489 1586 616 1617 tertium
638 1595 725 1617 nunc
747 1586 864 1626 inteyre
879 1587 1083 1623 asservatum,
1106 1585 1190 1624 quod
1205 1585 1237 1616 A
1251 1585 1414 1616 nominavi
1428 1584 1485 1626 (cf.
1501 1585 1686 1625 Necroloyia
1706 1585 1868 1619 Claustro-

207 1637 442 1678 neoburyensia,
461 1637 657 1677 prooemium
672 1647 708 1676 p.
726 1637 748 1667 3
769 1637 826 1668 sub
849 1637 878 1674 I,
895 1637 939 1675 1),
962 1637 1144 1668 institutum
1166 1638 1221 1667 est.

315 1689 382 1729 Quo
409 1689 546 1727 confecto
573 1688 709 1720 alterum
736 1688 956 1728 necroloqium,
987 1688 1023 1719 in
1050 1698 1110 1728 quo
1138 1688 1221 1719 notis
1247 1688 1378 1727 reliquis
1400 1688 1435 1719 in
1459 1688 1564 1720 album
1587 1690 1760 1728 referendis
1782 1689 1868 1722 locus

208 1750 328 1773 vacuus
341 1740 470 1772 relictus
491 1743 569 1778 erat,
592 1739 730 1772 clanstro
746 1740 971 1772 canonicarum
994 1739 1038 1771 ad
1053 1739 1086 1771 S.
1103 1739 1250 1771 Mariam
1265 1739 1496 1780 Maydalenam
1515 1739 1869 1782 Claustroneoburyensi

209 1792 365 1824 traditum
380 1802 443 1824 esse
457 1792 590 1830 videtur,
605 1792 642 1823 in
656 1802 717 1831 quo
732 1802 753 1823 a
767 1792 869 1823 variis
883 1792 1071 1831 scriptorum
1086 1791 1233 1823 manibus
1247 1791 1366 1823 saeculi
1380 1791 1477 1823 XIV.
1493 1794 1587 1823 notae
1601 1793 1756 1832 quaedam
1771 1803 1868 1833 appo-

208 1844 290 1875 sitae
310 1846 395 1875 sunt.
440 1842 658 1885 Necroloyium
680 1843 736 1875 hoc
758 1853 842 1875 anno
859 1843 943 1874 1511
966 1844 1002 1875 in
1017 1843 1120 1875 eodem
1136 1843 1272 1875 claustro
1289 1844 1523 1882 canonicarum,
1546 1853 1625 1883 quac
1640 1844 1709 1875 eius
1719 1846 1869 1885 partibus

205 1905 267 1936 pro
290 1894 442 1927 librorum
464 1894 634 1927 involucris
651 1898 762 1935 postea
783 1895 900 1927 abusae
922 1898 1007 1933 sunt,
1031 1895 1095 1926 iam
1119 1895 1277 1927 concisum
1300 1898 1354 1926 est.
1391 1895 1588 1935 Fraqmenta
1607 1905 1693 1926 nunc
1708 1899 1832 1935 reperta
1847 1907 1868 1928 a

209 1947 276 1978 viro
302 1946 476 1978 clarissimo
499 1947 621 1979 doctore
642 1946 814 1979 Bertholdo
841 1937 956 1979 &ernisto
973 1947 1115 1986 primum
1138 1947 1173 1978 in
1196 1946 1295 1978 lucem
1317 1946 1403 1977 edita
1424 1948 1500 1977 sunt
1523 1946 1608 1987 (Das
1630 1946 1737 1978 dite-ste
1751 1948 1868 1980 Necro-

210 1997 324 2038 loyium
347 1998 401 2029 des
423 1997 533 2038 Stiftes
554 1998 830 2039 Klosterneubury.
876 1997 1041 2030 Jahrbuch
1064 1998 1117 2029 des
1140 1998 1253 2036 Stiftcs
1271 1997 1545 2038 Klosterneubury
1567 1997 1601 2036 V,
1621 2008 1654 2037 p.
1671 2000 1868 2041 177—183).

321 2049 361 2082 Ut
382 2060 498 2081 manus
519 2050 708 2089 scriptorum
725 2050 957 2090 distinmcerem,
980 2052 1073 2081 notas
1095 2049 1133 2081 ab
1153 2049 1293 2080 auctoris
1308 2059 1408 2080 manu
1423 2050 1597 2089 inscriptas
1612 2049 1725 2082 litteris
1739 2051 1869 2083 maiori-

211 2101 269 2132 bus
284 2101 383 2133 latius
397 2101 567 2141 dispositis,
588 2104 680 2133 notas
696 2113 716 2133 a
733 2102 875 2133 librariis
888 2101 1007 2133 saeculi
1023 2101 1108 2133 XII.
1123 2101 1258 2140 scriptas
1277 2100 1390 2133 litteris
1405 2101 1579 2133 maioribus
1594 2100 1693 2133 latius
1707 2102 1870 2142 dispositis

210 2153 304 2184 uncis
325 2152 466 2191 inclusis,
489 2156 582 2185 notas
603 2163 625 2184 a
643 2154 850 2193 scriptoribus
863 2152 983 2184 saeculi
998 2152 1103 2184 XIII.
1120 2153 1283 2192 appositas
1299 2152 1412 2184 litteris
1426 2153 1610 2191 maioribus,
1633 2153 1756 2186 saeculo
1771 2154 1868 2187 XIV.

212 2204 392 2243 adscriptas
413 2203 528 2236 litteris
549 2205 724 2236 maioribus
746 2205 839 2236 uncis
860 2205 995 2236 inclusis
1018 2204 1153 2235 exhibui.

315 2256 426 2287 Amico
449 2266 514 2287 meo
527 2255 731 2295 praedilecto,
752 2257 820 2288 viro
836 2256 1022 2294 clarissimo,
1045 2255 1165 2287 doctori
1180 2255 1350 2287 Bertholdo
1369 2245 1494 2294 C'ernik,
1514 2255 1688 2295 professori
1703 2256 1870 2297 theologiae

211 2309 241 2338 et
263 2307 412 2338 canonico
431 2306 790 2347 Claustroneoburyensi,
814 2307 870 2347 qui
891 2307 1069 2347 fraymenta
1091 2307 1165 2339 haec
1187 2307 1267 2338 mihi
1289 2308 1469 2339 transmisit
1484 2308 1725 2347 pertractanda,
1746 2309 1871 2349 yratias

212 2368 271 2399 ayo
293 2368 460 2390 maximas.

938 2430 1142 2467 APRILIS.

230 2504 255 2530 3.
324 2503 372 2530 III.
386 2511 448 2530 non.
471 2499 586 2531 FAM.
611 2499 830 2532 Guntherus
853 2501 1032 2532 marchio.
1077 2500 1239 2532 Lutherus
1262 2512 1354 2543 ppos.
1372 2501 1412 2532 de
1430 2500 1551 2543 Owe.²)
1596 2501 1744 2533 Nimzela
1767 2501 1793 2532 1²
1816 2501 1868 2533 ob.

230 2555 255 2582 8.
327 2554 372 2581 VI.
386 2554 423 2582 id.
471 2550 570 2583 FRS.
595 2551 629 2583 S.
653 2551 851 2584 Adelbertus
875 2552 1118 2594 Salzpurgensis
1145 2552 1303 2594 archieps.
1326 2552 1409 2595 ob.²)
1455 2552 1642 2594 Margareta
1665 2557 1727 2594 cv‘,
1759 2563 1820 2584 sor.
1838 2564 1868 2585 n.

472 2602 586 2634 FAM.
611 2602 701 2635 Otto
725 2603 836 2646 d(e)⁸)
854 2628 1056 2637 .........
1061 2629 1069 2646 ‚
1092 2604 1152 2636 hic
1175 2603 1346 2646 dedi(t)=)
1566 2602 1871 2647 [Ohu(nradus)²)

527 2678 734 2686 .........
737 2654 747 2697 ]

317 2740 343 2773 ⁸)
363 2741 431 2766 Nota
448 2741 514 2774 folio
531 2746 625 2767 resecto
644 2742 802 2774 imperfecta.

321 2800 341 2834 ¹)
361 2799 411 2827 Ob.
425 2808 450 2826 a.
463 2803 537 2828 1204.
642 2801 664 2833 ²)
684 2800 849 2828 Adalbertus
867 2801 936 2835 111„
955 2801 994 2830 ob.
1008 2810 1033 2828 a.
1047 2805 1124 2829 1200.
