<?xml version="1.0" encoding="UTF-8"?>
<!DOCTYPE html PUBLIC "-//W3C//DTD XHTML 1.0 Transitional//EN"
    "http://www.w3.org/TR/xhtml1/DTD/xhtml1-transitional.dtd">
<html xmlns="http://www.w3.org/1999/xhtml" xml:lang="en" lang="en">
 <head>
  <title>
</title>
<meta http-equiv="Content-Type" content="text/html;charset=utf-8" />
  <meta name='ocr-system' content='tesseract 3.04.00' />
  <meta name='ocr-capabilities' content='ocr_page ocr_carea ocr_par ocr_line ocrx_word'/>
</head>
<body>
  <div class='ocr_page' id='page_1' title='image "./monumentagerman05geseuoft_0173.png"; bbox 0 0 2150 3178; ppageno 0'>
   <div class='ocr_carea' id='block_1_1' title="bbox 313 196 1820 231">
    <p class='ocr_par' dir='ltr' id='par_1_1' title="bbox 313 196 1820 231">
     <span class='ocr_line' id='line_1_1' title="bbox 313 196 1820 231; baseline -0.001 -4"><span class='ocrx_word' id='word_1_1' title='bbox 313 199 465 228; x_wconf 79' lang='lat' dir='ltr'>NEOROL.</span> <span class='ocrx_word' id='word_1_2' title='bbox 477 198 656 226; x_wconf 77' lang='lat' dir='ltr'><strong>FRATRUM</strong></span> <span class='ocrx_word' id='word_1_3' title='bbox 673 198 852 226; x_wconf 78' lang='lat' dir='ltr'>MINORUM</span> <span class='ocrx_word' id='word_1_4' title='bbox 869 196 1163 225; x_wconf 83' lang='lat' dir='ltr'><strong>OBSERVANTIUM</strong></span> <span class='ocrx_word' id='word_1_5' title='bbox 1180 196 1408 224; x_wconf 84' lang='lat' dir='ltr'><strong>PROVINCIAE</strong></span> <span class='ocrx_word' id='word_1_6' title='bbox 1425 197 1666 226; x_wconf 82' lang='lat' dir='ltr'>AUSTRIAOAE.</span> <span class='ocrx_word' id='word_1_7' title='bbox 1759 201 1820 231; x_wconf 84' lang='lat'>159</span> 
     </span>
    </p>
   </div>
   <div class='ocr_carea' id='block_1_2' title="bbox 113 282 1821 1222">
    <p class='ocr_par' dir='ltr' id='par_1_2' title="bbox 164 282 1820 363">
     <span class='ocr_line' id='line_1_2' title="bbox 164 282 1820 321; baseline -0.002 -6"><span class='ocrx_word' id='word_1_8' title='bbox 164 296 227 315; x_wconf 76' lang='lat' dir='ltr'>cum</span> <span class='ocrx_word' id='word_1_9' title='bbox 251 286 363 321; x_wconf 81' lang='lat' dir='ltr'>copioso</span> <span class='ocrx_word' id='word_1_10' title='bbox 385 285 540 312; x_wconf 84' lang='lat' dir='ltr'>animarum</span> <span class='ocrx_word' id='word_1_11' title='bbox 563 285 669 317; x_wconf 81' lang='lat' dir='ltr'>fructu,</span> <span class='ocrx_word' id='word_1_12' title='bbox 693 284 765 312; x_wconf 82' lang='lat' dir='ltr'>alias</span> <span class='ocrx_word' id='word_1_13' title='bbox 788 292 933 319; x_wconf 86' lang='lat' dir='ltr'>supremus</span> <span class='ocrx_word' id='word_1_14' title='bbox 955 282 1133 318; x_wconf 77' lang='lat' dir='ltr'>paupertatis</span> <span class='ocrx_word' id='word_1_15' title='bbox 1156 284 1277 316; x_wconf 82' lang='lat' dir='ltr'>amator,</span> <span class='ocrx_word' id='word_1_16' title='bbox 1303 283 1494 318; x_wconf 80' lang='lat' dir='ltr'><strong>pientissimus</strong></span> <span class='ocrx_word' id='word_1_17' title='bbox 1521 293 1584 311; x_wconf 87' lang='lat' dir='ltr'>cum</span> <span class='ocrx_word' id='word_1_18' title='bbox 1606 284 1681 312; x_wconf 88' lang='lat' dir='ltr'>omni</span> <span class='ocrx_word' id='word_1_19' title='bbox 1706 284 1820 312; x_wconf 88' lang='lat' dir='ltr'>homine</span> 
     </span>
     <span class='ocr_line' id='line_1_3' title="bbox 165 326 1105 363; baseline -0.005 -6"><span class='ocrx_word' id='word_1_20' title='bbox 165 330 349 362; x_wconf 84' lang='lat' dir='ltr'>conservator,</span> <span class='ocrx_word' id='word_1_21' title='bbox 369 337 451 363; x_wconf 89' lang='lat' dir='ltr'>quem</span> <span class='ocrx_word' id='word_1_22' title='bbox 469 328 635 356; x_wconf 88' lang='lat' dir='ltr'>morientem</span> <span class='ocrx_word' id='word_1_23' title='bbox 652 329 715 355; x_wconf 88' lang='lat' dir='ltr'>tota</span> <span class='ocrx_word' id='word_1_24' title='bbox 733 327 845 362; x_wconf 79' lang='lat' dir='ltr'>planxit</span> <span class='ocrx_word' id='word_1_25' title='bbox 862 326 973 354; x_wconf 86' lang='lat' dir='ltr'>Vienna</span> <span class='ocrx_word' id='word_1_26' title='bbox 991 335 1016 353; x_wconf 83' lang='lat' dir='ltr'>a.</span> <span class='ocrx_word' id='word_1_27' title='bbox 1031 326 1105 353; x_wconf 85' lang='lat'>1520.</span> 
     </span>
    </p>

    <p class='ocr_par' dir='ltr' id='par_1_3' title="bbox 163 368 1820 449">
     <span class='ocr_line' id='line_1_4' title="bbox 267 368 1820 407; baseline -0.001 -8"><span class='ocrx_word' id='word_1_28' title='bbox 267 373 334 400; x_wconf 88' lang='lat' dir='ltr'>Rev.</span> <span class='ocrx_word' id='word_1_29' title='bbox 348 381 375 407; x_wconf 89' lang='lat' dir='ltr'>p.</span> <span class='ocrx_word' id='word_1_30' title='bbox 388 371 556 399; x_wconf 75' lang='lat' dir='ltr'><strong>Benedictus</strong></span> <span class='ocrx_word' id='word_1_31' title='bbox 570 371 747 398; x_wconf 81' lang='lat' dir='ltr'>Dalmatinus</span> <span class='ocrx_word' id='word_1_32' title='bbox 764 372 847 398; x_wconf 81' lang='lat' dir='ltr'>tanta</span> <span class='ocrx_word' id='word_1_33' title='bbox 865 369 993 397; x_wconf 85' lang='lat' dir='ltr'>doctrina</span> <span class='ocrx_word' id='word_1_34' title='bbox 1011 371 1040 396; x_wconf 88' lang='lat' dir='ltr'>et</span> <span class='ocrx_word' id='word_1_35' title='bbox 1058 368 1176 396; x_wconf 84' lang='lat' dir='ltr'>scientia</span> <span class='ocrx_word' id='word_1_36' title='bbox 1190 369 1299 401; x_wconf 82' lang='lat' dir='ltr'>claruit.</span> <span class='ocrx_word' id='word_1_37' title='bbox 1319 370 1393 404; x_wconf 86' lang='lat' dir='ltr'>quod</span> <span class='ocrx_word' id='word_1_38' title='bbox 1407 371 1529 398; x_wconf 84' lang='lat' dir='ltr'>omnium</span> <span class='ocrx_word' id='word_1_39' title='bbox 1542 371 1698 398; x_wconf 75' lang='lat' dir='ltr'>doctiorum</span> <span class='ocrx_word' id='word_1_40' title='bbox 1711 371 1820 398; x_wconf 82' lang='lat' dir='ltr'>calculo</span> 
     </span>
     <span class='ocr_line' id='line_1_5' title="bbox 163 411 1820 449; baseline -0.001 -6"><span class='ocrx_word' id='word_1_41' title='bbox 163 416 238 443; x_wconf 86' lang='lat' dir='ltr'>inter</span> <span class='ocrx_word' id='word_1_42' title='bbox 249 414 423 443; x_wconf 84' lang='lat' dir='ltr'>doctissimos</span> <span class='ocrx_word' id='word_1_43' title='bbox 434 413 523 442; x_wconf 85' lang='lat' dir='ltr'>totius</span> <span class='ocrx_word' id='word_1_44' title='bbox 536 414 640 441; x_wconf 83' lang='lat' dir='ltr'>ordinis</span> <span class='ocrx_word' id='word_1_45' title='bbox 652 415 800 449; x_wconf 82' lang='lat' dir='ltr'>reputatus</span> <span class='ocrx_word' id='word_1_46' title='bbox 812 412 906 440; x_wconf 87' lang='lat' dir='ltr'>fuerit.</span> <span class='ocrx_word' id='word_1_47' title='bbox 939 412 1008 439; x_wconf 82' lang='lat' dir='ltr'>Erat</span> <span class='ocrx_word' id='word_1_48' title='bbox 1024 411 1092 439; x_wconf 90' lang='lat' dir='ltr'>olim</span> <span class='ocrx_word' id='word_1_49' title='bbox 1104 412 1267 446; x_wconf 83' lang='lat' dir='ltr'>provinciae</span> <span class='ocrx_word' id='word_1_50' title='bbox 1281 412 1432 440; x_wconf 88' lang='lat' dir='ltr'>Bohemiae</span> <span class='ocrx_word' id='word_1_51' title='bbox 1446 413 1657 441; x_wconf 69' lang='lat' dir='ltr'>commissarius.</span> <span class='ocrx_word' id='word_1_52' title='bbox 1695 413 1820 444; x_wconf 81' lang='lat' dir='ltr'>Quieseit</span> 
     </span>
    </p>

    <p class='ocr_par' dir='ltr' id='par_1_4' title="bbox 137 457 472 493">
     <span class='ocr_line' id='line_1_6' title="bbox 137 457 472 493; baseline -0.006 -7"><span class='ocrx_word' id='word_1_53' title='bbox 137 466 149 486; x_wconf 71' lang='lat'>5</span> <span class='ocrx_word' id='word_1_54' title='bbox 168 457 339 493; x_wconf 82' lang='lat' dir='ltr'>Iudenburgi</span> <span class='ocrx_word' id='word_1_55' title='bbox 358 458 472 485; x_wconf 78' lang='lat' dir='ltr'>a.1522.</span> 
     </span>
    </p>

    <p class='ocr_par' dir='ltr' id='par_1_5' title="bbox 266 497 1821 535">
     <span class='ocr_line' id='line_1_7' title="bbox 266 497 1821 535; baseline -0.001 -7"><span class='ocrx_word' id='word_1_56' title='bbox 266 502 335 528; x_wconf 85' lang='lat' dir='ltr'>Rev.</span> <span class='ocrx_word' id='word_1_57' title='bbox 348 509 376 535; x_wconf 85' lang='lat' dir='ltr'>p.</span> <span class='ocrx_word' id='word_1_58' title='bbox 389 499 512 527; x_wconf 83' lang='lat' dir='ltr'>Michael</span> <span class='ocrx_word' id='word_1_59' title='bbox 536 499 570 526; x_wconf 87' lang='lat' dir='ltr'>de</span> <span class='ocrx_word' id='word_1_60' title='bbox 589 499 782 531; x_wconf 83' lang='lat' dir='ltr'>Praunecken,</span> <span class='ocrx_word' id='word_1_61' title='bbox 809 498 838 525; x_wconf 88' lang='lat' dir='ltr'>in</span> <span class='ocrx_word' id='word_1_62' title='bbox 857 497 984 525; x_wconf 85' lang='lat' dir='ltr'>doctrina</span> <span class='ocrx_word' id='word_1_63' title='bbox 1003 497 1080 525; x_wconf 88' lang='lat' dir='ltr'>Scoti</span> <span class='ocrx_word' id='word_1_64' title='bbox 1105 498 1227 525; x_wconf 85' lang='lat' dir='ltr'>doctoris</span> <span class='ocrx_word' id='word_1_65' title='bbox 1252 498 1364 525; x_wconf 89' lang='lat' dir='ltr'>subtilis</span> <span class='ocrx_word' id='word_1_66' title='bbox 1389 498 1459 525; x_wconf 87' lang='lat' dir='ltr'>adeo</span> <span class='ocrx_word' id='word_1_67' title='bbox 1483 499 1635 532; x_wconf 83' lang='lat' dir='ltr'>excellens,</span> <span class='ocrx_word' id='word_1_68' title='bbox 1662 500 1736 534; x_wconf 86' lang='lat' dir='ltr'>quod</span> <span class='ocrx_word' id='word_1_69' title='bbox 1757 509 1821 528; x_wconf 87' lang='lat' dir='ltr'>eum</span> 
     </span>
    </p>

    <p class='ocr_par' dir='ltr' id='par_1_6' title="bbox 113 540 1821 619">
     <span class='ocr_line' id='line_1_8' title="bbox 113 540 1821 579; baseline -0.001 -8"><span class='ocrx_word' id='word_1_70' title='bbox 113 576 117 579; x_wconf 26' lang='grc'><strong><em>1</em></strong></span> <span class='ocrx_word' id='word_1_71' title='bbox 163 544 330 572; x_wconf 73' lang='lat' dir='ltr'><strong>universitas</strong></span> <span class='ocrx_word' id='word_1_72' title='bbox 343 543 442 570; x_wconf 89' lang='lat' dir='ltr'>Vienn.</span> <span class='ocrx_word' id='word_1_73' title='bbox 460 543 580 570; x_wconf 83' lang='lat' dir='ltr'>alterum</span> <span class='ocrx_word' id='word_1_74' title='bbox 603 542 632 569; x_wconf 87' lang='lat' dir='ltr'>in</span> <span class='ocrx_word' id='word_1_75' title='bbox 654 541 814 569; x_wconf 75' lang='lat' dir='ltr'><strong>subtilitate</strong></span> <span class='ocrx_word' id='word_1_76' title='bbox 833 541 947 568; x_wconf 83' lang='lat' dir='ltr'>Scotum</span> <span class='ocrx_word' id='word_1_77' title='bbox 968 540 1167 573; x_wconf 77' lang='lat' dir='ltr'>nominaverit,</span> <span class='ocrx_word' id='word_1_78' title='bbox 1194 540 1373 575; x_wconf 83' lang='lat' dir='ltr'>praedicator</span> <span class='ocrx_word' id='word_1_79' title='bbox 1396 541 1483 568; x_wconf 82' lang='lat' dir='ltr'>etiam</span> <span class='ocrx_word' id='word_1_80' title='bbox 1502 541 1638 569; x_wconf 82' lang='lat' dir='ltr'>facundus</span> <span class='ocrx_word' id='word_1_81' title='bbox 1661 544 1690 570; x_wconf 83' lang='lat' dir='ltr'>et</span> <span class='ocrx_word' id='word_1_82' title='bbox 1708 543 1737 569; x_wconf 92' lang='lat' dir='ltr'>in</span> <span class='ocrx_word' id='word_1_83' title='bbox 1755 543 1821 570; x_wconf 85' lang='lat' dir='ltr'>aliis</span> 
     </span>
     <span class='ocr_line' id='line_1_9' title="bbox 163 583 1820 619; baseline -0.001 -4"><span class='ocrx_word' id='word_1_84' title='bbox 163 586 288 615; x_wconf 75' lang='lat' dir='ltr'>scientiis</span> <span class='ocrx_word' id='word_1_85' title='bbox 306 587 377 614; x_wconf 87' lang='lat' dir='ltr'>bene</span> <span class='ocrx_word' id='word_1_86' title='bbox 395 587 529 618; x_wconf 82' lang='lat' dir='ltr'>versatus,</span> <span class='ocrx_word' id='word_1_87' title='bbox 550 587 642 613; x_wconf 87' lang='lat' dir='ltr'>custos</span> <span class='ocrx_word' id='word_1_88' title='bbox 662 585 808 613; x_wconf 86' lang='lat' dir='ltr'>custodum</span> <span class='ocrx_word' id='word_1_89' title='bbox 826 584 942 619; x_wconf 79' lang='lat' dir='ltr'>eligitur</span> <span class='ocrx_word' id='word_1_90' title='bbox 958 585 987 612; x_wconf 89' lang='lat' dir='ltr'>et</span> <span class='ocrx_word' id='word_1_91' title='bbox 1000 583 1117 611; x_wconf 79' lang='lat' dir='ltr'>moritur</span> <span class='ocrx_word' id='word_1_92' title='bbox 1128 592 1183 611; x_wconf 89' lang='lat' dir='ltr'>non</span> <span class='ocrx_word' id='word_1_93' title='bbox 1199 584 1305 618; x_wconf 81' lang='lat' dir='ltr'>absque</span> <span class='ocrx_word' id='word_1_94' title='bbox 1317 584 1399 611; x_wconf 87' lang='lat' dir='ltr'>iustis</span> <span class='ocrx_word' id='word_1_95' title='bbox 1411 583 1562 618; x_wconf 79' lang='lat' dir='ltr'><strong>lachrymis</strong></span> <span class='ocrx_word' id='word_1_96' title='bbox 1573 584 1694 612; x_wconf 83' lang='lat' dir='ltr'>Viennae</span> <span class='ocrx_word' id='word_1_97' title='bbox 1708 594 1733 613; x_wconf 89' lang='lat' dir='ltr'>a.</span> <span class='ocrx_word' id='word_1_98' title='bbox 1744 586 1820 613; x_wconf 84' lang='lat'>1525.</span> 
     </span>
    </p>

    <p class='ocr_par' dir='ltr' id='par_1_7' title="bbox 120 626 1821 874">
     <span class='ocr_line' id='line_1_10' title="bbox 267 626 1821 664; baseline -0.001 -7"><span class='ocrx_word' id='word_1_99' title='bbox 267 630 334 657; x_wconf 88' lang='lat' dir='ltr'>Rev.</span> <span class='ocrx_word' id='word_1_100' title='bbox 345 639 373 664; x_wconf 88' lang='lat' dir='ltr'>p.</span> <span class='ocrx_word' id='word_1_101' title='bbox 385 629 553 657; x_wconf 72' lang='lat' dir='ltr'>Benedictus</span> <span class='ocrx_word' id='word_1_102' title='bbox 571 637 589 655; x_wconf 92' lang='lat' dir='ltr'>a</span> <span class='ocrx_word' id='word_1_103' title='bbox 608 628 787 663; x_wconf 84' lang='lat' dir='ltr'>Praegantia,</span> <span class='ocrx_word' id='word_1_104' title='bbox 805 627 850 655; x_wconf 89' lang='lat' dir='ltr'>vir</span> <span class='ocrx_word' id='word_1_105' title='bbox 867 627 973 654; x_wconf 76' lang='lat' dir='ltr'>zelosus</span> <span class='ocrx_word' id='word_1_106' title='bbox 992 635 1026 654; x_wconf 84' lang='lat' dir='ltr'>ao</span> <span class='ocrx_word' id='word_1_107' title='bbox 1044 635 1150 654; x_wconf 88' lang='lat' dir='ltr'>summe</span> <span class='ocrx_word' id='word_1_108' title='bbox 1168 627 1274 660; x_wconf 82' lang='lat' dir='ltr'>doctus,</span> <span class='ocrx_word' id='word_1_109' title='bbox 1294 626 1407 661; x_wconf 83' lang='lat' dir='ltr'>saepius</span> <span class='ocrx_word' id='word_1_110' title='bbox 1427 628 1519 654; x_wconf 85' lang='lat' dir='ltr'>eustos</span> <span class='ocrx_word' id='word_1_111' title='bbox 1538 627 1684 654; x_wconf 83' lang='lat' dir='ltr'>custodum</span> <span class='ocrx_word' id='word_1_112' title='bbox 1702 630 1732 655; x_wconf 89' lang='lat' dir='ltr'>et</span> <span class='ocrx_word' id='word_1_113' title='bbox 1750 637 1821 656; x_wconf 86' lang='lat' dir='ltr'>com-</span> 
     </span>
     <span class='ocr_line' id='line_1_11' title="bbox 120 669 1821 708; baseline -0.001 -9"><span class='ocrx_word' id='word_1_114' title='bbox 120 679 145 699; x_wconf 92' lang='grc' dir='ltr'>ιο</span> <span class='ocrx_word' id='word_1_115' title='bbox 162 672 305 700; x_wconf 85' lang='lat' dir='ltr'>missarius</span> <span class='ocrx_word' id='word_1_116' title='bbox 318 671 480 708; x_wconf 62' lang='lat' dir='ltr'>geum-alis)</span> <span class='ocrx_word' id='word_1_117' title='bbox 493 672 529 699; x_wconf 83' lang='lat' dir='ltr'>ad</span> <span class='ocrx_word' id='word_1_118' title='bbox 542 670 658 699; x_wconf 79' lang='lat' dir='ltr'>comitia</span> <span class='ocrx_word' id='word_1_119' title='bbox 670 671 774 702; x_wconf 80' lang='lat' dir='ltr'>ordinis</span> <span class='ocrx_word' id='word_1_120' title='bbox 786 670 893 702; x_wconf 89' lang='lat' dir='ltr'>missus,</span> <span class='ocrx_word' id='word_1_121' title='bbox 912 670 947 697; x_wconf 92' lang='lat' dir='ltr'>ob</span> <span class='ocrx_word' id='word_1_122' title='bbox 960 669 1131 705; x_wconf 78' lang='lat' dir='ltr'>singularem</span> <span class='ocrx_word' id='word_1_123' title='bbox 1143 679 1235 698; x_wconf 88' lang='lat' dir='ltr'>rerum</span> <span class='ocrx_word' id='word_1_124' title='bbox 1247 670 1419 705; x_wconf 84' lang='lat' dir='ltr'>agendarum</span> <span class='ocrx_word' id='word_1_125' title='bbox 1433 669 1631 698; x_wconf 75' lang='lat' dir='ltr'>dexteritatem</span> <span class='ocrx_word' id='word_1_126' title='bbox 1650 670 1679 697; x_wconf 92' lang='lat' dir='ltr'>in</span> <span class='ocrx_word' id='word_1_127' title='bbox 1691 671 1821 706; x_wconf 87' lang='lat' dir='ltr'>plurimis</span> 
     </span>
     <span class='ocr_line' id='line_1_12' title="bbox 163 713 1819 751; baseline -0.001 -8"><span class='ocrx_word' id='word_1_128' title='bbox 163 715 324 751; x_wconf 82' lang='lat' dir='ltr'>provinciae</span> <span class='ocrx_word' id='word_1_129' title='bbox 342 715 463 750; x_wconf 84' lang='lat' dir='ltr'>negotiis</span> <span class='ocrx_word' id='word_1_130' title='bbox 481 717 542 742; x_wconf 89' lang='lat' dir='ltr'>tum</span> <span class='ocrx_word' id='word_1_131' title='bbox 560 714 596 742; x_wconf 91' lang='lat' dir='ltr'>ad</span> <span class='ocrx_word' id='word_1_132' title='bbox 614 723 751 741; x_wconf 86' lang='lat' dir='ltr'>summum</span> <span class='ocrx_word' id='word_1_133' title='bbox 770 713 939 748; x_wconf 81' lang='lat' dir='ltr'>pontificem,</span> <span class='ocrx_word' id='word_1_134' title='bbox 966 715 1026 740; x_wconf 89' lang='lat' dir='ltr'>tum</span> <span class='ocrx_word' id='word_1_135' title='bbox 1044 713 1080 740; x_wconf 84' lang='lat' dir='ltr'>ad</span> <span class='ocrx_word' id='word_1_136' title='bbox 1099 721 1239 741; x_wconf 81' lang='lat' dir='ltr'>caesarem</span> <span class='ocrx_word' id='word_1_137' title='bbox 1257 715 1286 741; x_wconf 81' lang='lat' dir='ltr'>et</span> <span class='ocrx_word' id='word_1_138' title='bbox 1305 722 1385 747; x_wconf 86' lang='lat' dir='ltr'>reges</span> <span class='ocrx_word' id='word_1_139' title='bbox 1404 713 1567 748; x_wconf 81' lang='lat' dir='ltr'>saepissime</span> <span class='ocrx_word' id='word_1_140' title='bbox 1585 716 1748 749; x_wconf 86' lang='lat' dir='ltr'>occupatus,</span> <span class='ocrx_word' id='word_1_141' title='bbox 1775 714 1819 742; x_wconf 90' lang='lat' dir='ltr'>ob.</span> 
     </span>
     <span class='ocr_line' id='line_1_13' title="bbox 163 758 406 786; baseline -0.008 0"><span class='ocrx_word' id='word_1_142' title='bbox 163 758 274 786; x_wconf 82' lang='lat' dir='ltr'>Graecii</span> <span class='ocrx_word' id='word_1_143' title='bbox 293 767 318 785; x_wconf 86' lang='lat' dir='ltr'>a.</span> <span class='ocrx_word' id='word_1_144' title='bbox 330 758 406 785; x_wconf 87' lang='lat'>1531.</span> 
     </span>
     <span class='ocr_line' id='line_1_14' title="bbox 265 798 1820 835; baseline -0.001 -7"><span class='ocrx_word' id='word_1_145' title='bbox 265 801 333 828; x_wconf 85' lang='lat' dir='ltr'>Rev.</span> <span class='ocrx_word' id='word_1_146' title='bbox 346 810 374 835; x_wconf 91' lang='lat' dir='ltr'>p.</span> <span class='ocrx_word' id='word_1_147' title='bbox 387 799 550 827; x_wconf 84' lang='lat' dir='ltr'>Franciseus</span> <span class='ocrx_word' id='word_1_148' title='bbox 573 799 608 825; x_wconf 90' lang='lat' dir='ltr'>de</span> <span class='ocrx_word' id='word_1_149' title='bbox 626 798 755 830; x_wconf 85' lang='lat' dir='ltr'>Schwaz,</span> <span class='ocrx_word' id='word_1_150' title='bbox 782 800 875 826; x_wconf 82' lang='lat' dir='ltr'>custos</span> <span class='ocrx_word' id='word_1_151' title='bbox 893 799 1005 830; x_wconf 82' lang='lat' dir='ltr'>Athesi,</span> <span class='ocrx_word' id='word_1_152' title='bbox 1032 798 1181 834; x_wconf 80' lang='lat' dir='ltr'>singularis</span> <span class='ocrx_word' id='word_1_153' title='bbox 1204 799 1369 827; x_wconf 82' lang='lat' dir='ltr'>eruditionis</span> <span class='ocrx_word' id='word_1_154' title='bbox 1392 802 1422 827; x_wconf 85' lang='lat' dir='ltr'>et</span> <span class='ocrx_word' id='word_1_155' title='bbox 1439 799 1595 833; x_wconf 84' lang='lat' dir='ltr'>doctrinae,</span> <span class='ocrx_word' id='word_1_156' title='bbox 1620 800 1771 834; x_wconf 84' lang='lat' dir='ltr'>praecipue</span> <span class='ocrx_word' id='word_1_157' title='bbox 1790 800 1820 827; x_wconf 89' lang='lat' dir='ltr'>in</span> 
     </span>
     <span class='ocr_line' id='line_1_15' title="bbox 164 841 982 874; baseline -0.004 -3"><span class='ocrx_word' id='word_1_158' title='bbox 164 843 304 871; x_wconf 78' lang='lat' dir='ltr'>Hebraiea</span> <span class='ocrx_word' id='word_1_159' title='bbox 322 843 484 870; x_wconf 82' lang='lat' dir='ltr'>litteratura</span> <span class='ocrx_word' id='word_1_160' title='bbox 503 843 636 874; x_wconf 85' lang='lat' dir='ltr'>versatus,</span> <span class='ocrx_word' id='word_1_161' title='bbox 655 841 699 869; x_wconf 92' lang='lat' dir='ltr'>ob.</span> <span class='ocrx_word' id='word_1_162' title='bbox 712 841 849 869; x_wconf 83' lang='lat' dir='ltr'>Schwazii</span> <span class='ocrx_word' id='word_1_163' title='bbox 868 850 892 869; x_wconf 87' lang='lat' dir='ltr'>a.</span> <span class='ocrx_word' id='word_1_164' title='bbox 908 841 982 869; x_wconf 84' lang='lat'>1534.</span> 
     </span>
    </p>

    <p class='ocr_par' dir='ltr' id='par_1_8' title="bbox 122 884 1820 1006">
     <span class='ocr_line' id='line_1_16' title="bbox 122 884 1820 920; baseline -0.001 -7"><span class='ocrx_word' id='word_1_165' title='bbox 122 897 146 916; x_wconf 80' lang='lat'>15</span> <span class='ocrx_word' id='word_1_166' title='bbox 267 886 335 914; x_wconf 87' lang='lat' dir='ltr'>Rev.</span> <span class='ocrx_word' id='word_1_167' title='bbox 348 895 375 920; x_wconf 88' lang='lat' dir='ltr'>p.</span> <span class='ocrx_word' id='word_1_168' title='bbox 388 885 524 920; x_wconf 81' lang='lat' dir='ltr'>Georgius</span> <span class='ocrx_word' id='word_1_169' title='bbox 547 885 581 912; x_wconf 85' lang='lat' dir='ltr'>de</span> <span class='ocrx_word' id='word_1_170' title='bbox 599 885 751 919; x_wconf 81' lang='lat' dir='ltr'>Amberga,</span> <span class='ocrx_word' id='word_1_171' title='bbox 777 884 930 919; x_wconf 89' lang='lat' dir='ltr'>aliquando</span> <span class='ocrx_word' id='word_1_172' title='bbox 953 884 1115 919; x_wconf 82' lang='lat' dir='ltr'>provinciae</span> <span class='ocrx_word' id='word_1_173' title='bbox 1139 885 1203 917; x_wconf 84' lang='lat' dir='ltr'>vic.‚</span> <span class='ocrx_word' id='word_1_174' title='bbox 1229 885 1408 919; x_wconf 85' lang='lat' dir='ltr'>praedicator</span> <span class='ocrx_word' id='word_1_175' title='bbox 1429 885 1558 920; x_wconf 81' lang='lat' dir='ltr'>egregius</span> <span class='ocrx_word' id='word_1_176' title='bbox 1581 887 1611 912; x_wconf 91' lang='lat' dir='ltr'>et</span> <span class='ocrx_word' id='word_1_177' title='bbox 1632 886 1766 916; x_wconf 86' lang='lat' dir='ltr'>famosus,</span> <span class='ocrx_word' id='word_1_178' title='bbox 1790 885 1820 912; x_wconf 88' lang='lat' dir='ltr'>in</span> 
     </span>
     <span class='ocr_line' id='line_1_17' title="bbox 163 927 1820 964; baseline -0.001 -7"><span class='ocrx_word' id='word_1_179' title='bbox 163 938 242 957; x_wconf 86' lang='lat' dir='ltr'>sacro</span> <span class='ocrx_word' id='word_1_180' title='bbox 264 928 457 964; x_wconf 73' lang='lat' dir='ltr'>poenitentiae</span> <span class='ocrx_word' id='word_1_181' title='bbox 480 927 617 955; x_wconf 82' lang='lat' dir='ltr'>tribunali</span> <span class='ocrx_word' id='word_1_182' title='bbox 640 927 807 959; x_wconf 84' lang='lat' dir='ltr'>indefessus,</span> <span class='ocrx_word' id='word_1_183' title='bbox 832 927 876 954; x_wconf 91' lang='lat' dir='ltr'>vir</span> <span class='ocrx_word' id='word_1_184' title='bbox 898 927 993 963; x_wconf 82' lang='lat' dir='ltr'>magni</span> <span class='ocrx_word' id='word_1_185' title='bbox 1016 927 1127 955; x_wconf 84' lang='lat' dir='ltr'>consilii</span> <span class='ocrx_word' id='word_1_186' title='bbox 1150 929 1179 955; x_wconf 87' lang='lat' dir='ltr'>et</span> <span class='ocrx_word' id='word_1_187' title='bbox 1197 928 1386 961; x_wconf 74' lang='lat' dir='ltr'>discretionis,</span> <span class='ocrx_word' id='word_1_188' title='bbox 1410 928 1533 963; x_wconf 87' lang='lat' dir='ltr'>plurium</span> <span class='ocrx_word' id='word_1_189' title='bbox 1552 928 1687 956; x_wconf 84' lang='lat' dir='ltr'>librorum</span> <span class='ocrx_word' id='word_1_190' title='bbox 1705 928 1820 963; x_wconf 84' lang='lat' dir='ltr'>propria</span> 
     </span>
     <span class='ocr_line' id='line_1_18' title="bbox 163 971 1235 1006; baseline -0.002 -6"><span class='ocrx_word' id='word_1_191' title='bbox 163 981 248 1000; x_wconf 85' lang='lat' dir='ltr'>manu</span> <span class='ocrx_word' id='word_1_192' title='bbox 265 974 443 1000; x_wconf 82' lang='lat' dir='ltr'>exaratorum</span> <span class='ocrx_word' id='word_1_193' title='bbox 459 971 670 999; x_wconf 85' lang='lat' dir='ltr'>laudatissimus</span> <span class='ocrx_word' id='word_1_194' title='bbox 688 973 770 999; x_wconf 85' lang='lat' dir='ltr'>autor</span> <span class='ocrx_word' id='word_1_195' title='bbox 778 971 810 1006; x_wconf 70' lang='lat'>⁵),</span> <span class='ocrx_word' id='word_1_196' title='bbox 829 971 966 998; x_wconf 83' lang='lat' dir='ltr'>Sehwazii</span> <span class='ocrx_word' id='word_1_197' title='bbox 984 971 1102 998; x_wconf 87' lang='lat' dir='ltr'>moritur</span> <span class='ocrx_word' id='word_1_198' title='bbox 1120 980 1145 998; x_wconf 89' lang='lat' dir='ltr'>a.</span> <span class='ocrx_word' id='word_1_199' title='bbox 1158 971 1235 999; x_wconf 84' lang='lat'>1534.</span> 
     </span>
    </p>

    <p class='ocr_par' dir='ltr' id='par_1_9' title="bbox 164 1014 1821 1093">
     <span class='ocr_line' id='line_1_19' title="bbox 269 1014 1820 1051; baseline -0.001 -8"><span class='ocrx_word' id='word_1_200' title='bbox 269 1016 335 1043; x_wconf 85' lang='lat' dir='ltr'>Rev.</span> <span class='ocrx_word' id='word_1_201' title='bbox 351 1025 379 1051; x_wconf 86' lang='lat' dir='ltr'>p.</span> <span class='ocrx_word' id='word_1_202' title='bbox 397 1015 543 1042; x_wconf 86' lang='lat' dir='ltr'>Anselmus</span> <span class='ocrx_word' id='word_1_203' title='bbox 565 1014 600 1042; x_wconf 86' lang='lat' dir='ltr'>de</span> <span class='ocrx_word' id='word_1_204' title='bbox 617 1014 739 1047; x_wconf 83' lang='lat' dir='ltr'>Vienna,</span> <span class='ocrx_word' id='word_1_205' title='bbox 766 1014 879 1049; x_wconf 88' lang='lat' dir='ltr'>saepius</span> <span class='ocrx_word' id='word_1_206' title='bbox 906 1014 935 1041; x_wconf 89' lang='lat' dir='ltr'>in</span> <span class='ocrx_word' id='word_1_207' title='bbox 963 1014 1127 1049; x_wconf 81' lang='lat' dir='ltr'>provinciae</span> <span class='ocrx_word' id='word_1_208' title='bbox 1149 1014 1259 1041; x_wconf 77' lang='lat' dir='ltr'>min¹¹¹¹¹1</span> <span class='ocrx_word' id='word_1_209' title='bbox 1282 1014 1388 1042; x_wconf 84' lang='lat' dir='ltr'>electus</span> <span class='ocrx_word' id='word_1_210' title='bbox 1413 1016 1442 1042; x_wconf 90' lang='lat' dir='ltr'>et</span> <span class='ocrx_word' id='word_1_211' title='bbox 1466 1014 1572 1048; x_wconf 84' lang='lat' dir='ltr'>primus</span> <span class='ocrx_word' id='word_1_212' title='bbox 1595 1023 1629 1042; x_wconf 85' lang='lat' dir='ltr'>ex</span> <span class='ocrx_word' id='word_1_213' title='bbox 1651 1014 1766 1042; x_wconf 82' lang='lat' dir='ltr'>Austria</span> <span class='ocrx_word' id='word_1_214' title='bbox 1790 1015 1820 1041; x_wconf 86' lang='lat' dir='ltr'>in</span> 
     </span>
     <span class='ocr_line' id='line_1_20' title="bbox 164 1056 1821 1093; baseline 0 -7"><span class='ocrx_word' id='word_1_215' title='bbox 164 1058 343 1086; x_wconf 84' lang='lat' dir='ltr'>diffinitorem</span> <span class='ocrx_word' id='word_1_216' title='bbox 367 1058 526 1093; x_wconf 83' lang='lat' dir='ltr'>generalem</span> <span class='ocrx_word' id='word_1_217' title='bbox 550 1060 722 1092; x_wconf 83' lang='lat' dir='ltr'>assumptus,</span> <span class='ocrx_word' id='word_1_218' title='bbox 750 1056 879 1085; x_wconf 81' lang='lat' dir='ltr'>doctrina</span> <span class='ocrx_word' id='word_1_219' title='bbox 903 1059 940 1085; x_wconf 74' lang='lat' dir='ltr'>etv</span> <span class='ocrx_word' id='word_1_220' title='bbox 957 1057 1062 1085; x_wconf 88' lang='lat' dir='ltr'>virtute</span> <span class='ocrx_word' id='word_1_221' title='bbox 1086 1057 1215 1089; x_wconf 88' lang='lat' dir='ltr'>celebris,</span> <span class='ocrx_word' id='word_1_222' title='bbox 1243 1057 1366 1084; x_wconf 81' lang='lat' dir='ltr'>maxima</span> <span class='ocrx_word' id='word_1_223' title='bbox 1392 1057 1421 1084; x_wconf 89' lang='lat' dir='ltr'>in</span> <span class='ocrx_word' id='word_1_224' title='bbox 1445 1057 1527 1084; x_wconf 87' lang='lat' dir='ltr'>rebus</span> <span class='ocrx_word' id='word_1_225' title='bbox 1551 1057 1668 1092; x_wconf 86' lang='lat' dir='ltr'>agendis</span> <span class='ocrx_word' id='word_1_226' title='bbox 1692 1057 1821 1092; x_wconf 83' lang='lat' dir='ltr'>pollebat</span> 
     </span>
    </p>

    <p class='ocr_par' dir='ltr' id='par_1_10' title="bbox 121 1100 1821 1222">
     <span class='ocr_line' id='line_1_21' title="bbox 121 1100 1820 1136; baseline -0.001 -6"><span class='ocrx_word' id='word_1_227' title='bbox 121 1110 148 1130; x_wconf 80' lang='lat'>20</span> <span class='ocrx_word' id='word_1_228' title='bbox 165 1101 334 1130; x_wconf 84' lang='lat' dir='ltr'>dexteritate</span> <span class='ocrx_word' id='word_1_229' title='bbox 353 1103 383 1129; x_wconf 90' lang='lat' dir='ltr'>et</span> <span class='ocrx_word' id='word_1_230' title='bbox 400 1100 557 1136; x_wconf 83' lang='lat' dir='ltr'>prudentia,</span> <span class='ocrx_word' id='word_1_231' title='bbox 583 1101 695 1135; x_wconf 79' lang='lat' dir='ltr'>praeter</span> <span class='ocrx_word' id='word_1_232' title='bbox 713 1100 833 1135; x_wconf 85' lang='lat' dir='ltr'>scriptos</span> <span class='ocrx_word' id='word_1_233' title='bbox 851 1101 990 1128; x_wconf 80' lang='lat' dir='ltr'>tractatus</span> <span class='ocrx_word' id='word_1_234' title='bbox 1009 1101 1103 1135; x_wconf 90' lang='lat' dir='ltr'>plures</span> <span class='ocrx_word' id='word_1_235' title='bbox 1122 1100 1212 1128; x_wconf 87' lang='lat' dir='ltr'>edidit</span> <span class='ocrx_word' id='word_1_236' title='bbox 1230 1109 1339 1127; x_wconf 89' lang='lat' dir='ltr'>omnem</span> <span class='ocrx_word' id='word_1_237' title='bbox 1358 1100 1514 1127; x_wconf 88' lang='lat' dir='ltr'>devotionis</span> <span class='ocrx_word' id='word_1_238' title='bbox 1532 1100 1663 1135; x_wconf 87' lang='lat' dir='ltr'>spiritum</span> <span class='ocrx_word' id='word_1_239' title='bbox 1680 1100 1820 1135; x_wconf 83' lang='lat' dir='ltr'>spirantes</span> 
     </span>
     <span class='ocr_line' id='line_1_22' title="bbox 164 1143 1821 1178; baseline -0.001 -6"><span class='ocrx_word' id='word_1_240' title='bbox 164 1144 259 1172; x_wconf 88' lang='lat' dir='ltr'>libros.</span> <span class='ocrx_word' id='word_1_241' title='bbox 299 1144 420 1172; x_wconf 86' lang='lat' dir='ltr'>Terrena</span> <span class='ocrx_word' id='word_1_242' title='bbox 442 1143 589 1171; x_wconf 85' lang='lat' dir='ltr'>fastidiens</span> <span class='ocrx_word' id='word_1_243' title='bbox 612 1146 641 1171; x_wconf 82' lang='lat' dir='ltr'>et</span> <span class='ocrx_word' id='word_1_244' title='bbox 663 1143 796 1172; x_wconf 84' lang='lat' dir='ltr'>coelestia</span> <span class='ocrx_word' id='word_1_245' title='bbox 816 1143 972 1178; x_wconf 86' lang='lat' dir='ltr'>inquirens,</span> <span class='ocrx_word' id='word_1_246' title='bbox 997 1152 1064 1171; x_wconf 87' lang='lat' dir='ltr'>suae</span> <span class='ocrx_word' id='word_1_247' title='bbox 1086 1144 1175 1171; x_wconf 89' lang='lat' dir='ltr'>solum</span> <span class='ocrx_word' id='word_1_248' title='bbox 1199 1143 1285 1171; x_wconf 79' lang='lat' dir='ltr'>saluti</span> <span class='ocrx_word' id='word_1_249' title='bbox 1308 1143 1444 1176; x_wconf 87' lang='lat' dir='ltr'>intentus,</span> <span class='ocrx_word' id='word_1_250' title='bbox 1469 1144 1553 1170; x_wconf 80' lang='lat' dir='ltr'>beato</span> <span class='ocrx_word' id='word_1_251' title='bbox 1576 1143 1629 1171; x_wconf 86' lang='lat' dir='ltr'>fine</span> <span class='ocrx_word' id='word_1_252' title='bbox 1652 1143 1762 1178; x_wconf 89' lang='lat' dir='ltr'>quievit</span> <span class='ocrx_word' id='word_1_253' title='bbox 1784 1145 1821 1171; x_wconf 85' lang='lat' dir='ltr'>ad</span> 
     </span>
     <span class='ocr_line' id='line_1_23' title="bbox 165 1187 557 1222; baseline 0.003 -8"><span class='ocrx_word' id='word_1_254' title='bbox 165 1187 221 1215; x_wconf 77' lang='lat' dir='ltr'>Sum</span> <span class='ocrx_word' id='word_1_255' title='bbox 237 1187 423 1222; x_wconf 83' lang='lat' dir='ltr'>Hippolytum</span> <span class='ocrx_word' id='word_1_256' title='bbox 443 1195 468 1214; x_wconf 86' lang='lat' dir='ltr'>a.</span> <span class='ocrx_word' id='word_1_257' title='bbox 482 1187 557 1215; x_wconf 84' lang='lat'>1535.</span> 
     </span>
    </p>
   </div>
   <div class='ocr_carea' id='block_1_3' title="bbox 267 1299 890 1332">
    <p class='ocr_par' dir='ltr' id='par_1_11' title="bbox 267 1299 890 1332">
     <span class='ocr_line' id='line_1_24' title="bbox 267 1299 890 1332; baseline 0.002 -8"><span class='ocrx_word' id='word_1_258' title='bbox 267 1299 291 1332; x_wconf 77' lang='lat'>⁸)</span> <span class='ocrx_word' id='word_1_259' title='bbox 309 1299 412 1332; x_wconf 68' lang='lat' dir='ltr'>Herzog]</span> <span class='ocrx_word' id='word_1_260' title='bbox 430 1299 544 1332; x_wconf 57' lang='lat' dir='ltr'>ecs-spat.-</span> <span class='ocrx_word' id='word_1_261' title='bbox 562 1299 773 1326; x_wconf 82' lang='lat' dir='ltr'>laudathissimus</span> <span class='ocrx_word' id='word_1_262' title='bbox 790 1299 890 1325; x_wconf 82' lang='lat' dir='ltr'>author.</span> 
     </span>
    </p>
   </div>
  </div>
 </body>
</html>
