2150 3178
351 198 414 230 318
464 195 573 222 LIBER
592 195 838 223 OBLATIONUM
856 195 902 222 ET
921 194 1173 223 ANNIVERSAR.
1185 193 1414 222 MONASTERII
1432 194 1583 224 SCOTOR.
1595 194 1904 224 VINDOBONENSIS.

762 282 943 325 Subscripti
967 282 997 314 d¹
1020 282 1257 315 decoraverunt
1279 282 1396 314 altaria
1417 281 1610 325 subscripta:

454 344 537 376 Item
561 343 664 376 altare
687 346 851 375 textorum
874 342 996 385 (dedit)
1019 343 1119 375 ceeha
1142 346 1316 375 textorum.

454 396 539 427 Item
563 395 665 427 altare
688 400 717 427 e‘¹
733 395 844 428 Crucis
867 395 1004 428 Linhart
1026 395 1128 428 Suees
1142 395 1167 438 ¹)
1197 398 1230 427 et
1253 395 1343 428 dedit
1372 397 1438 427 tres
1466 397 1598 427 ornatus
1621 395 1698 428 satis
1719 395 1857 440 bonos·)
1881 399 1913 429 et
1936 396 2018 429 duas

348 447 453 490 pallas
478 451 511 479 et
534 447 598 480 duo
621 451 757 489 stagnea
780 447 984 480 candelabra.

454 499 538 531 Item
555 499 585 531 d.
596 500 758 532 Iohannes
776 500 880 532 dictus
892 499 990 532 Gerst
997 499 1024 541 ²)
1037 499 1140 531 altare
1154 499 1305 531 Omnium
1319 499 1511 531 Sanctorum
1527 502 1561 531 et
1576 498 1667 532 dedit
1680 510 1778 532 unam
1793 499 1914 542 pallam
1928 500 2015 534 illuc.
2045 513 2056 533 ι

454 552 539 584 Item
563 552 806 584 Missendarffer
829 553 932 584 altare
956 557 985 583 ⁸⁰
1001 553 1095 584 Anne
1119 554 1152 583 et
1175 551 1266 583 dedit
1292 553 1303 582 1
1333 554 1481 583 ornatum
1504 551 1631 594 nigrum
1654 552 1790 584 semeth.

454 603 537 635 Item
553 604 793 636 Motenhawser
815 604 918 636 altare
936 603 960 635 s¹
975 603 1199 635 Bartholomei
1215 603 1355 645 apostoli
1375 606 1409 634 et
1425 602 1516 634 dedit
1538 602 1618 635 duos
1642 606 1773 636 ornatus
1793 613 1866 636 cum
1882 603 2018 647 clippeis

350 656 415 687 suis
439 659 473 688 et
495 667 592 688 unam
616 656 734 698 palam.

453 708 536 739 Item
561 707 679 739 Erhart
702 708 822 750 Sipeck
834 708 861 750 ³)
885 708 987 739 altare
1011 707 1034 738 s¹
1050 707 1223 739 Benedicti
1246 710 1280 739 et
1304 706 1395 739 dedit
1417 707 1597 749 preciosam
1620 707 1742 749 pallam
1764 707 1850 740 illuc.

453 760 538 791 Item
554 759 695 792 Rauster
718 760 820 792 altare
844 760 1065 802 apostolorum
1082 759 1173 792 Petri
1197 762 1230 792 et
1246 758 1368 802 P(auli)
1393 762 1426 792 et
1449 759 1540 792 dedit
1562 761 1580 791 2
1597 760 1762 802 preciosas
1780 760 1894 803 pallas.
1932 760 2017 794 Item
2036 771 2062 793 ιο

349 811 436 843 idem
460 811 582 853 misitb)
606 812 675 844 fieri
698 812 874 844 fenestram
899 822 972 844 cum
994 812 1078 844 vitro
1101 811 1143 844 ad
1167 811 1229 844 S¹¹¹¹¹
1244 811 1379 844 Petrum
1403 815 1436 844 et
1458 811 1598 844 Paulum
1623 815 1656 844 et
1678 811 1773 844 stalla
1795 811 1927 845 ibidem.

454 864 537 895 Item
563 864 693 906 quidam
716 864 871 896 honestus
892 864 951 896 civ.
968 864 1097 896 nomine
1113 863 1243 896 Conrad
1260 863 1514 906 Regenspurger
1529 863 1695 896 decoravit
1710 864 1812 896 altare
1829 864 1853 896 ε’
1863 864 2019 898 Iohannis

348 916 380 946 in
404 916 518 958 apside
541 917 761 958 apostolorum
787 920 820 948 et
844 916 934 948 dedit
956 916 1078 958 pallam
1101 916 1179 948 satis
1201 915 1330 958 bonam,
1355 915 1412 948 sed
1437 916 1567 948 omnino
1590 915 1668 957 vult,
1692 916 1779 959 quod
1800 917 1842 948 sit
1856 916 2018 950 occultum

348 978 451 1010 usque
475 972 549 1010 post
573 972 710 1000 mortem
735 979 835 1000 suam.

457 1021 537 1052 Item
562 1021 694 1062 quidam
718 1021 872 1053 honestus
897 1021 957 1052 civ.
974 1021 1103 1052 nomine
1126 1020 1215 1062 Iorig
1238 1020 1336 1053 Coler
1360 1019 1525 1052 decoravit
1548 1019 1651 1052 altare
1674 1025 1703 1052 ε’
1718 1020 1907 1053 Katherine.
2035 1030 2061 1052 ιι

453 1072 537 1104 Item
562 1072 693 1114 quidam
717 1073 872 1104 honestus
895 1074 1024 1104 nomine
1048 1072 1162 1104 Hanns
1185 1071 1342 1114 Stumphf
1361 1072 1452 1104 dedit
1473 1072 1594 1114 pallam
1617 1073 1695 1105 satis
1717 1072 1847 1105 bonam.

453 1125 536 1156 Item
562 1125 664 1156 altare
688 1125 711 1156 s*
727 1125 857 1157 Martini
882 1125 1118 1157 decoraverunt
1139 1125 1332 1166 Leonprost.

452 1176 536 1208 Item
570 1177 705 1209 honesta
737 1177 877 1219 quedam
911 1177 946 1208 d‘·
978 1177 1108 1209 nomine
1139 1176 1282 1209 Ebnerin
1314 1176 1404 1208 dedit
1435 1176 1535 1208 mon'20
1563 1178 1582 1209 6
1609 1177 1748 1209 florenos
1779 1187 1838 1219 pro
1870 1176 2016 1210 remedio

348 1238 456 1259 anime
480 1239 547 1260 sue.

452 1280 536 1312 Item
562 1280 620 1312 der
643 1280 717 1313 edel
742 1281 817 1312 herr
839 1280 1019 1323 Wolfgang
1042 1279 1283 1312 Missendorffer
1293 1281 1320 1323 ⁴)
1343 1281 1439 1312 solvit
1460 1280 1555 1313 stalla
1578 1281 1610 1312 in
1633 1280 1747 1313 abside
1770 1280 1794 1312 εί
1809 1280 1952 1314 Andree.
1976 1295 1981 1301 ·
2033 1289 2061 1311 ao

452 1332 535 1364 Item
560 1333 654 1365 stalla
678 1334 709 1365 in
734 1333 860 1375 capella
884 1333 908 1364 εἰ
923 1332 1051 1365 Nicolai
1074 1332 1169 1364 solvit
1192 1332 1292 1364 ceeha
1314 1332 1344 1364 b.
1361 1333 1492 1374 virginis
1514 1332 1628 1364 Marie.

452 1385 535 1416 Item
561 1385 700 1427 quedam
724 1385 841 1417 nobilis
862 1385 899 1417 d·
913 1385 1043 1417 nomine
1052 1385 1080 1427 ⁰)
1103 1410 1110 1417 .
1129 1409 1136 1416 .
1155 1410 1161 1416 .
1180 1410 1186 1416 .
1212 1383 1302 1417 dedit
1325 1385 1378 1416 ain
1401 1387 1495 1417 roten
1514 1384 1623 1416 tebich
1645 1395 1704 1427 pro
1727 1395 1853 1417 summo
1874 1384 1968 1418 altari
1982 1385 2017 1418 in

348 1437 457 1468 valore
483 1439 500 1468 4
518 1437 724 1469 florenorum.

452 1488 535 1520 Item
565 1489 706 1531 quedam
737 1489 773 1521 d·
801 1489 887 1521 dicta
911 1489 1063 1521 Schoelin
1091 1488 1182 1521 dedit
1209 1488 1391 1531 angelicam
1419 1488 1651 1521 salutacionem
1681 1491 1713 1521 et
1736 1488 1933 1521 alabastrum
1955 1499 2016 1532 pro

348 1551 474 1572 summo
498 1541 601 1573 altari.
2032 1548 2059 1570 ²⁸

451 1593 535 1625 Item
559 1593 732 1625 Balthasar
754 1605 784 1635 p.
802 1604 831 1624 n.
849 1592 977 1635 deditd)
1001 1594 1168 1635 ymagines
1192 1593 1287 1625 trium
1311 1592 1510 1625 alabastrum
1532 1603 1591 1635 pro
1615 1603 1740 1625 summo
1764 1593 1867 1626 altari

455 1646 536 1677 Item
566 1645 697 1687 quidam
726 1646 784 1677 civ.
805 1645 934 1677 Wienn.
957 1645 1086 1677 nomine
1115 1645 1226 1677 Niclas
1249 1644 1470 1677 Kraumhofer
1481 1644 1507 1687 ⁵)
1537 1644 1629 1676 dedit
1656 1644 1750 1676 nobis
1780 1644 1912 1687 ciphum
1941 1655 2015 1678 oum

348 1701 483 1740 argento
507 1697 707 1736 decoratum,
731 1708 790 1739 pro
814 1698 904 1729 cuius
926 1702 985 1729 ux*³
1008 1701 1082 1729 sunt
1103 1697 1188 1730 lecte
1212 1699 1275 1729 200
1291 1697 1397 1729 misse.

451 1750 535 1781 Item
560 1749 700 1791 quedam
723 1749 860 1781 honesta
883 1749 1034 1791 muliere)
1059 1749 1149 1781 dedit
1172 1760 1233 1792 eyn
1256 1759 1379 1791 grueen
1403 1751 1496 1780 ornat
1518 1759 1582 1780 von
1600 1748 1727 1781 sameth
1742 1759 1815 1781 eum
1832 1759 1896 1781 uno
1912 1749 2014 1782 calice

346 1814 375 1834 a.
394 1802 423 1834 d.
445 1804 535 1834 1481.
2031 1808 2059 1830 sn
2113 1831 2116 1835 ,

452 1855 536 1886 Item
560 1854 701 1896 quedam
725 1853 760 1885 d==
784 1853 870 1885 dicta
886 1853 1109 1885 Pernnauerin
1133 1853 1223 1886 dedit
1245 1852 1344 1885 mon¹⁰
1368 1863 1468 1884 unum
1492 1852 1680 1894 pacharium
1703 1853 1736 1884 in
1754 1853 1864 1885 valore
1881 1854 1965 1885 2001„
1979 1857 2013 1896 ᾖ,

348 1907 426 1938 item
455 1909 492 1938 10
509 1906 648 1938 florenos
671 1905 894 1947 Ungaricales.

452 1958 534 1990 Item
563 1957 627 1989 alia
655 1957 796 2000 quedam
826 1957 912 1989 dicta
939 1957 1050 1989 Andre
1075 1957 1209 1989 Oelerin
1236 1956 1327 1989 dedit
1355 1967 1455 1988 unum
1483 1955 1618 1988 calicem
1645 1955 1752 1988 adhuc
1778 1956 1905 1994 vivens3
1935 1957 2015 1989 item

348 2013 467 2042 testata
490 2013 540 2042 est
563 2010 654 2042 nobis
677 2020 775 2041 unum
800 2009 1004 2051 pacharium;
1027 2010 1106 2041 item
1129 2012 1204 2051 post
1226 2012 1365 2041 mortem
1384 2009 1483 2051 ipsius
1503 2008 1738 2040 testamentarii
1754 2007 1851 2051 eius‘)
1868 2011 2016 2041 emerunt

349 2073 444 2094 unam
468 2073 602 2104 parvam
627 2072 828 2104 campanam,
852 2062 932 2094 item
954 2072 1053 2094 unam
1075 2062 1326 2093 monstraneiam
1344 2063 1534 2103 argenteam
1557 2059 1598 2092 de
1615 2059 1707 2092 bonis
1721 2059 1831 2102 ipsius.
1877 2059 2016 2092 Oremus
2033 2067 2059 2088 ⁸⁶

348 2125 406 2156 pro
431 2124 480 2146 ea.

452 2167 537 2198 Item
554 2165 779 2208 sigismundus
792 2165 1001 2198 Walczhofer
1017 2169 1153 2197 testatus
1177 2169 1227 2197 est
1249 2165 1343 2197 nobis
1362 2166 1422 2196 100
1438 2164 1577 2196 florenos
1593 2162 1814 2205 Ungaricales.
1854 2163 1916 2196 Ob.
1933 2163 2015 2197 feria

349 2221 377 2251 3.
396 2228 503 2260 pasce.
550 2217 748 2259 Requiescat
770 2219 803 2249 in
825 2228 917 2259 pace.
963 2218 1046 2250 Item
1072 2219 1111 2250 32
1128 2218 1268 2250 florenos
1290 2214 1543 2258 Ung(arieales).

453 2340 476 2372 ⁸)
494 2340 615 2372 Sequitur
627 2340 750 2365 deletum:
768 2349 827 2365 cum
841 2341 933 2373 clippe.
1017 2339 1042 2372 b)
1061 2340 1106 2366 Sic
1119 2340 1174 2366 cod.
1257 2339 1280 2372 c)
1294 2339 1416 2372 Sequitur
1428 2339 1540 2371 spatium
1551 2346 1661 2363 vacuum
1674 2338 1729 2364 loco
1741 2338 1852 2364 nominis
1864 2338 2014 2364 ‹leniaci-ati.

348 2382 373 2415 d)
393 2383 516 2416 Sequitur
535 2383 657 2409 deletam.-
675 2384 752 2409 dedit.
859 2383 882 2416 ⁴³)
902 2383 936 2408 In
955 2384 1072 2416 margine
1090 2388 1219 2409 notatum:
1238 2384 1307 2416 on-ig
1325 2383 1464 2408 Sulezerin.
1570 2380 1591 2414 s)
1609 2389 1656 2407 eus
1674 2381 1730 2407 cod.
2032 2384 2060 2405 40

455 2461 475 2493 ¹)
494 2459 589 2486 Huius
612 2468 638 2486 a.
657 2462 721 2486 1453
743 2459 774 2485 in
796 2459 941 2492 diplomate
964 2460 1063 2486 mentio
1086 2459 1125 2489 fit.
1237 2460 1258 2492 ²)
1277 2458 1350 2485 Eum
1375 2458 1430 2484 iam
1448 2457 1542 2492 pridie
1564 2457 1618 2484 kal.
1640 2456 1762 2484 Octobris
1787 2466 1813 2484 a.
1830 2460 1896 2484 1457
1921 2456 2015 2484 obiim
2079 2478 2082 2481 .

350 2502 503 2530 Ladislaus
528 2510 576 2529 rex
602 2503 633 2529 in
660 2502 806 2536 diplomate
834 2505 946 2529 testatus
974 2505 1020 2529 est.
1133 2503 1154 2534 ⁸)
1180 2501 1296 2535 Nobilis,
1326 2501 1375 2535 qui
1403 2510 1428 2528 a.
1451 2504 1521 2528 1442
1548 2503 1572 2527 et
1598 2503 1671 2528 1448
1699 2500 1850 2535 diplomata
1877 2500 2013 2534 sigillavit.

350 2548 372 2580 ⁴)
392 2546 468 2573 Idem
485 2555 511 2573 a.
525 2550 592 2573 1445
611 2545 731 2580 diploma
748 2546 883 2580 siqillavit.
991 2547 1010 2579 ¹‘)
1029 2545 1159 2572 Eiusdem
1177 2553 1203 2571 α.
1217 2548 1281 2572 1453
1297 2545 1328 2570 in
1346 2544 1491 2578 diplomate
1508 2544 1606 2571 mentio
1621 2544 1660 2577 fit.
