2150 3178
333 179 396 209 532
739 174 1005 203 NECROLOGIUM
1024 175 1215 203 CANONIAE
1234 175 1283 202 AD
1301 174 1328 203 S.
1342 175 1594 204 HIPPOLYTUM.

332 267 375 296 14.
458 267 492 295 11.
506 266 542 294 id.
592 261 855 295 Perchtoldus
877 262 1071 305 impletor,
1100 262 1268 295 Perehta
1290 273 1349 294 ux.
1365 273 1447 303 sua,
1471 263 1618 296 oblatio
1642 266 1687 296 45
1705 268 1727 302 ᾀ
1778 260 1999 308 [Ηιιὶιιιίοιιιι

644 314 690 347 de
723 314 1053 347 Chremsmunster
1085 315 1164 357 pbr.
1192 317 1230 346 et
1261 314 1325 346 cfr.
1350 325 1382 347 ιι.
1435 315 1694 348 Hartmannus
1725 316 1804 358 pbr.
1830 319 1868 348 et
1898 316 1940 348 fr.
1967 327 1999 349 ιι.

644 366 855 409 Wispoto·)
884 366 929 399 de
952 366 1085 399 Varaw
1112 366 1191 409 pbr.
1214 370 1251 399 et
1278 367 1342 399 cfr.
1359 378 1390 399 n.
1436 366 1654 410 Stephanus
1676 367 1754 410 pbr.
1779 367 1824 401 de
1848 367 1890 400 8⁰
1912 367 1999 402 Flo-

644 418 768 459 riano,
799 418 863 450 cfr.
886 429 916 450 n.
962 417 1168 451 Elizabeth
1196 418 1329 450 fidelis
1359 418 1454 450 fam·
1483 417 1637 462 nostra]
1681 419 1805 452 Paulus
1828 419 1945 452 Selker
1968 419 2000 452 8¹

643 470 784 502 Zenonis
806 469 878 512 pbr.
899 473 933 502 et
955 470 1011 502 cfr.
1028 481 1058 502 ιι.
1105 470 1259 502 Erasmus
1286 469 1327 502 de
1351 470 1439 502 Anm
1467 474 1501 503 et
1522 470 1677 503 Erasmus
1700 471 1845 512 Pemerl,
1875 470 1999 503 ibidem

644 522 713 565 pbri
741 525 775 554 et
802 522 876 554 εἴτε·
899 522 937 554 nf.
984 522 1250 554 Wartholomeus
1279 522 1349 564 pbr.
1378 521 1419 553 de
1442 521 1642 564 Witingnaw
1671 525 1705 554 et
1733 522 1791 555 efr.
1814 533 1862 564 n.‚
1894 522 1945 555 ob.
1967 523 2000 554 in

644 573 745 606 mon¹⁰
760 579 806 606 n0.
853 574 1015 606 Iohannes
1039 573 1080 606 de
1097 573 1250 606 Staenntz
1273 574 1343 616 pbr.
1361 577 1395 606 et
1413 573 1469 606 cfr.
1486 584 1516 606 n.
1562 573 1712 606 Andreas
1727 573 1768 606 de
1781 573 1999 607 Walthausen

643 626 713 668 pbr.
735 629 769 658 et
791 626 847 658 cfr.
866 637 896 658 ιι.
941 625 1156 658 Leonhardus
1178 625 1301 658 ibidem
1324 625 1394 668 pbr.
1412 628 1445 658 et
1467 625 1524 658 cfr.
1541 635 1571 658 n.
1616 624 1669 658 Fr.
1686 624 1934 668 Wolfga(ng)us
1957 624 1999 657 de

645 677 933 720 Herzogenwurga
949 677 1102 720 subdyac.
1121 681 1155 710 et
1177 678 1234 710 cfr.
1250 689 1280 710 ιι.
1327 676 1552 720 sigismundus
1566 676 1762 710 Perkhoffer
1784 677 1824 710 de
1840 676 1999 710 Reichns-

646 741 728 772 perg
750 729 820 772 pbr.
841 733 874 762 et
897 730 953 762 cfr.
970 741 1000 762 n.
1047 729 1220 762 Udalricus
1243 729 1363 762 Saeokl
1385 728 1631 762 Novacellensis
1653 729 1724 772 pbr.
1741 732 1775 762 et
1796 729 1854 762 cfr.
1869 740 1900 761 ιι.
1945 728 2000 761 Fr.

644 781 830 814 Anthonius
845 781 1069 824 Kunghueber
1084 785 1178 814 extra
1194 792 1304 814 muros
1319 782 1458 814 Patavie
1475 782 1532 814 cfr.
1544 793 1575 814 ιι.
1613 786 1689 822 Mag.
1703 787 1844 814 Iohannes
1856 786 2000 821 Klopheu-

643 842 768 868 prunner
787 832 860 860 diac.
879 833 913 860 de
931 832 1106 868 Neunburgs
1124 834 1153 860 et
1172 832 1220 860 cfr.
1233 842 1260 860 n.
1273 841 1298 860 a.
1312 833 1411 867 (15)22.

333 884 373 911 15.
502 883 541 910 id.
592 876 796 910 Ludwieus
819 876 898 919 pbr.
916 879 954 909 et
977 877 1019 909 fr.
1036 887 1066 908 ιι.
1106 875 1208 920 [Otto
1232 887 1306 910 sac.
1323 879 1359 909 et
1375 887 1416 909 ιιι.
1435 876 1480 908 de
1496 875 1863 919 Paugartenpergb),
1887 875 1951 908 cfr.
1968 886 2000 908 ιι.

644 929 854 961 Heinricus
885 939 936 960 cv.
962 928 1116 961 ibidem.
1170 929 1362 971 Nycolaus
1392 929 1471 971 pbr.
1497 928 1668 961 ecclesie
1691 928 1931 961 Varawensis
1962 930 2001 961 et

645 981 709 1013 cfr.
733 991 762 1012 n.
815 980 907 1012 Otto
939 980 984 1012 de
1009 980 1214 1013 Waltstain
1244 979 1411 1014 ecclesie
1439 980 1682 1013 Secoviensis
1712 979 1794 1023 pbr.
1817 983 1855 1013 et
1882 980 1947 1013 cfr.
1964 990 2000 1021 tn.

645 1031 873 1065 chunradus
902 1042 975 1064 sac.
1002 1034 1040 1064 et
1070 1043 1112 1064 m.
1136 1032 1181 1064 de
1211 1031 1254 1064 S·
1275 1032 1410 1074 Cruce,
1440 1032 1504 1065 cfr.
1527 1043 1557 1064 n.
1609 1032 1800 1065 Iohannes
1829 1032 1936 1074 prior
1963 1032 2001 1064 in

642 1084 868 1126 Seytsten⁰)‚
892 1095 946 1124 m.‚
970 1084 1048 1126 pbr.
1065 1088 1102 1116 et
1125 1084 1192 1117 cfr.
1210 1095 1240 1117 ιι.
1279 1084 1321 1117 D.
1336 1084 1512 1117 Andreas
1527 1083 1682 1117 Hekhel
1705 1083 1750 1116 de
1768 1084 1900 1117 Varaw
1921 1083 2000 1127 pbr.

645 1139 682 1169 et
705 1136 768 1168 cfr.
787 1147 817 1168 n.
857 1135 1084 1168 Ohunradus
1108 1136 1154 1169 de
1171 1136 1311 1179 Campo
1335 1136 1506 1169 liliorum
1526 1136 1590 1168 cfr.
1609 1134 1651 1179 n.]
1688 1135 1852 1168 Iohannes
1868 1135 2001 1169 Swevus

644 1188 764 1230 hospes
781 1187 995 1228 secoviensis,
1019 1187 1088 1230 pbr.
1106 1191 1140 1220 et
1163 1199 1232 1221 can.
1279 1188 1451 1221 Oswaldus
1473 1188 1578 1220 dictus
1593 1187 1723 1220 Strobel
1742 1188 1783 1220 de
1800 1187 1832 1220 N
1834 1188 2001 1231 eunburgs

645 1240 716 1282 pbr.
733 1243 766 1272 et
790 1240 846 1272 cfr.
864 1251 893 1271 n.
932 1239 1043 1272 Simon
1067 1240 1108 1272 de
1125 1240 1323 1272 Seitnsteten
1343 1241 1413 1282 pbr.
1430 1243 1463 1272 et
1479 1240 1536 1272 cfr.
1553 1251 1582 1272 n.
1623 1238 1804 1282 simpertus
1821 1239 1891 1282 pbr.
1909 1242 1942 1272 et
1957 1250 2000 1272 ιιι.

643 1292 842 1333 Melieensis‚
874 1292 930 1324 cfr.
947 1303 976 1324 ιι.
1023 1291 1135 1324 Simon
1163 1292 1204 1325 de
1229 1291 1448 1325 Seitensteten
1477 1292 1547 1335 pbr.
1571 1294 1604 1324 et
1631 1291 1688 1324 cfr.
1707 1302 1738 1324 ιι.
1783 1291 2001 1335 wolfgangus

644 1343 684 1375 de
704 1343 878 1376 Walthusa
901 1342 971 1385 pbr.
989 1347 1022 1375 et
1045 1343 1102 1376 cfr.
1118 1354 1149 1375 ιι.
1194 1343 1396 1386 ⁶)Iohsnnes
1419 1354 1510 1386 ppos.
1528 1343 1622 1376 mon¹¹
1644 1343 1719 1386 nn),
1742 1342 1811 1386 pbr.
1830 1346 1863 1376 et
1885 1343 1942 1376 cfr.
1957 1353 2001 1384 n.,

648 1397 740 1428 1486.
786 1395 1004 1438 Wolfgangus
1030 1405 1094 1427 sac.
1117 1398 1150 1428 et
1172 1405 1214 1428 ιιι.
1236 1395 1277 1428 de
1301 1395 1458 1438 Medlico,
1488 1396 1545 1429 cfr.
1562 1407 1592 1428 n.
1640 1395 1680 1428 D.
1698 1395 1837 1428 Georius
1860 1395 2002 1428 Gartner

645 1447 686 1479 de
711 1447 749 1479 S⁰
765 1447 917 1479 Floriano
941 1446 1010 1490 pbr.
1029 1451 1062 1479 et
1085 1447 1143 1479 cfr.
1160 1458 1190 1479 n.
1235 1447 1276 1480 D.
1290 1447 1508 1491 wolfgangus
1531 1447 1605 1480 abb.
1622 1458 1664 1480 ex
1679 1447 1809 1480 Mellico
1819 1447 1857 1490 ²),
1880 1447 1951 1490 pbr.
1967 1450 2003 1480 et

646 1500 702 1531 cfr.
719 1510 748 1531 n.
795 1499 836 1531 D.
853 1499 1082 1541 Wolffgangus
1105 1498 1319 1542 Muelpacher
1345 1499 1415 1542 pbr.
1437 1502 1471 1532 et
1494 1499 1532 1532 fr.
1549 1510 1579 1532 n.
1625 1505 1658 1532 D.
1674 1504 1859 1532 Sebastianus
1881 1504 2002 1539 Hsydeu

646 1551 680 1578 de
698 1550 731 1577 So
751 1550 883 1577 Floriano
902 1550 963 1584 pbr.
981 1552 1010 1578 et
1029 1550 1078 1577 cfr.
1097 1559 1124 1577 ιι.
1141 1550 1239 1584 (15)22.
1281 1550 1408 1578 Andreas
1426 1550 1492 1578 abb.
1510 1550 1539 1578 in
1559 1551 1759 1587 Altenburg’),
1786 1550 1846 1586 pbr.
1864 1553 1893 1579 et
1912 1550 1960 1579 cfr.
1973 1559 2002 1578 ιι.

647 1593 799 1627 Gregorius
817 1594 880 1628 pbr.
895 1596 924 1621 et
943 1603 978 1620 m.
998 1593 1112 1625 ibidem.
1133 1594 1182 1621 cfr.
1195 1602 1220 1620 ιι.

334 1643 376 1671 16.
410 1642 566 1670 xvl1.kal.
594 1637 902 1680 Engelschalcus
928 1648 981 1669 cv.
1005 1640 1044 1669 et
1072 1638 1114 1669 fr.
1135 1648 1165 1669 11.
1213 1636 1482 1680 [Perchtoldus
1510 1649 1563 1670 cv.
1587 1641 1626 1671 et
1655 1638 1696 1671 fr.
1715 1649 1746 1670 ιι.
1792 1638 2002 1670 Heinricus

645 1701 748 1732 ppos.
776 1691 812 1721 in
846 1689 1151 1732 Walthausem),
1190 1690 1254 1721 cfr.
1283 1700 1314 1721 n.
1370 1689 1588 1732 Wulfingus
1621 1689 1823 1733 Deswein]
1883 1689 2001 1722 Petrus

645 1741 800 1774 Lewbser
815 1752 884 1773 can.
902 1742 934 1773 in
951 1741 1224 1783 Herczogwurga‚
1242 1742 1297 1774 cfr.
1311 1752 1341 1773 n.
1380 1741 1594 1774 Leonhardus
1611 1741 1680 1774 dee.
1695 1741 1908 1782 Secoviensis‚
1929 1741 1999 1784 pbr.

645 1797 678 1826 et
702 1793 758 1825 cfr.
776 1804 806 1824 ιι.
852 1793 1016 1825 Fridricus
1039 1803 1087 1824 ac.
1104 1793 1237 1824 ibidem.
1283 1794 1396 1835 Agnes
1419 1799 1482 1826 cv⁰.
1527 1794 1640 1835 Agnes
1661 1792 1793 1826 ibidem.
1839 1792 2001 1825 Iohannes

645 1856 692 1877 cv.
710 1845 851 1887 ybidem.
897 1844 949 1876 Fr.
967 1845 1124 1877 Martinus
1154 1855 1217 1886 ac.‚
1248 1845 1305 1877 cfr.
1322 1856 1352 1877 n.
1397 1845 1592 1877 Wilhelmus
1613 1846 1649 1887 l.‚
1679 1845 1735 1878 cfr.
1752 1856 1782 1877 ιι.
1827 1843 2000 1878 Udalricus

647 1896 746 1929 Saeld
770 1907 860 1939 ppos.
879 1898 909 1928 in
927 1895 1038 1928 Suben
1048 1896 1086 1938 ⁵),
1110 1896 1182 1938 pbr.
1199 1899 1231 1928 et
1254 1896 1310 1928 cfr.
1328 1908 1357 1930 n.
1399 1896 1452 1928 Fr.
1469 1897 1591 1929 Paulus
1607 1897 1648 1929 de
1664 1896 1838 1939 Haynveld
1854 1895 1998 1928 subdiac.

647 1954 680 1982 et
704 1950 742 1982 fr.
759 1961 789 1981 ιι.
810 1952 901 1981 1444.
947 1949 1000 1983 Fr.
1017 1949 1156 1981 Iacobus
1180 1949 1220 1981 de
1238 1948 1385 1981 Gotwico
1409 1948 1465 1981 cfr.
1483 1960 1512 1981 n.
1551 1948 1748 1982 Wilhelmus
1766 1948 1807 1981 de
1823 1948 1999 1992 Tegriusee

647 2001 716 2043 pbr.
739 2004 772 2033 et
800 2001 856 2033 cfr.
874 2013 903 2033 n.
954 2001 1006 2033 Fr.
1025 2001 1220 2033 Anshelmus
1248 2001 1289 2033 de
1313 2001 1517 2043 Tyrnnstayn
1544 2001 1614 2043 pbr.
1639 2004 1673 2033 et
1695 2001 1752 2033 cfr.
1769 2012 1799 2033 n.
1850 1999 2000 2033 Andreas

649 2053 718 2085 dec.
743 2053 881 2085 ecclesie
906 2052 1123 2095 Secoviensis,
1155 2053 1224 2095 pbr.
1248 2056 1282 2085 et
1308 2053 1366 2086 cfr.
1381 2064 1412 2084 n.
1463 2052 1677 2085 Leonhardus
1704 2053 1745 2085 de
1768 2051 1999 2085 Herzocburok

646 2105 715 2147 pbr.
740 2108 773 2137 et
797 2104 854 2136 cfr.
871 2116 900 2136 n.
946 2105 1102 2147 Virgilius
1124 2105 1255 2137 Tanner
1277 2105 1347 2147 pbr.
1365 2104 1622 2146 Novecellensis,
1653 2105 1709 2137 cfr.
1725 2115 1756 2136 n.
1801 2109 1834 2136 D.
1852 2108 2000 2136 Udalricus

646 2156 681 2183 de
701 2156 734 2182 S0
747 2156 876 2182 Floriano
896 2156 956 2190 pbr.
975 2158 1003 2183 et
1022 2157 1070 2183 cfr.
1084 2166 1110 2183 n.
1125 2156 1201 2184 1522.
1240 2156 1270 2183 D.
1284 2157 1402 2183 loannes
1420 2156 1501 2191 Spies
1524 2156 1559 2184 de
1577 2156 1614 2183 S*
1623 2155 1727 2184 Cruece
1734 2156 1759 2190 b)
1781 2156 1842 2191 pbr.
1861 2157 1890 2183 et
1908 2155 1957 2183 cfr.
1970 2164 1999 2183 n.

645 2199 839 2234 sigismundus
858 2199 951 2226 senior
969 2199 996 2226 in
1017 2199 1215 2234 Seytensteten
1235 2199 1298 2234 pbr.
1311 2201 1340 2226 et
1358 2199 1408 2226 cfr.
1420 2209 1446 2226 ιι,

335 2249 377 2276 17.
422 2247 495 2275 XVI.
509 2247 566 2274 kal.
595 2243 748 2276 Chueno
773 2243 852 2285 pbr.
870 2246 908 2275 et
931 2243 973 2274 fr.
990 2254 1019 2275 n.
1068 2243 1244 2275 Alhaidis
1268 2249 1328 2275 cv·
1352 2247 1390 2275 et
1412 2254 1482 2275 sor.
1501 2254 1531 2275 n.
1577 2242 1812 2274 Tristramus
1835 2241 1934 2284 pleb.
1952 2241 1998 2274 de

647 2295 687 2326 S·
707 2295 938 2336 Margareta,
967 2295 1033 2326 cfr.
1049 2306 1079 2326 n.
1128 2295 1390 2338 [Wolfhardus
1413 2295 1456 2327 de
1480 2295 1839 2336 Paumgartenperg
1861 2293 1938 2335 pbr.
1961 2295 2000 2326 et

646 2347 712 2378 cfr.
728 2358 758 2378 ιι.
804 2346 1048 2378 Liebhardus
1071 2347 1150 2389 pbr.
1168 2346 1336 2379 ecclesie
1353 2346 1593 2379 Varawensis
1617 2349 1654 2378 et
1676 2346 1741 2377 cfr.
1759 2356 1788 2377 n.
1830 2344 1999 2377 Mathias

646 2399 725 2440 pbr.
751 2398 795 2429 de
819 2398 1239 2440 Paumgartenp(erg)⁰)
1271 2402 1308 2430 et
1337 2398 1402 2430 cfr.
1424 2409 1453 2430 n.
1499 2398 1664 2430 Michael
1693 2397 1818 2429 dictus
1842 2396 2000 2429 Toizzel

648 2449 694 2481 de
711 2450 1017 2491 Herczogwurga
1041 2450 1117 2492 pbr.
1136 2454 1173 2482 et
1196 2450 1260 2482 cfr.
1278 2449 1321 2493 n.]
1364 2450 1549 2492 Stephanus
1572 2460 1619 2481 cv.
1637 2452 1671 2481 et
1693 2449 1750 2480 cfr.
1765 2459 1795 2480 n.
1837 2448 1998 2480 Iohannes

648 2501 751 2533 dictus
767 2501 949 2543 Deygslaer
965 2501 1006 2533 de
1023 2501 1060 2533 S⁰
1071 2501 1235 2543 Floriano,
1251 2502 1321 2544 pbr.
1335 2505 1369 2534 et
1385 2502 1440 2534 cfr.
1454 2513 1484 2533 ιι.
1522 2502 1722 2543 Augustinus
1738 2499 1807 2533 dec.
1822 2499 1862 2532 de
1869 2500 1998 2541 Varaw,

646 2553 716 2594 pbr.
738 2556 772 2584 et
799 2552 854 2584 cfr.
872 2564 901 2584 n.
952 2553 992 2584 D.
1010 2553 1172 2595 Georgius
1194 2554 1380 2596 Ruenpawr
1407 2553 1448 2585 de
1472 2552 1596 2594 Stena,
1627 2552 1683 2584 cfr.
1699 2563 1730 2583 n.
1779 2551 1820 2583 D.
1837 2551 1999 2584 Iohannes

439 2661 463 2694 ¹¹)
483 2662 595 2695 Cor-riq..·
620 2662 747 2694 Wicpoto.
851 2661 876 2693 ι’)
896 2661 940 2687 Sic
958 2661 1013 2686 cod.
1120 2660 1143 2693 e)
1161 2661 1184 2687 I.
1202 2670 1222 2687 e.
1241 2662 1438 2694 Seytenstetten.
1544 2658 1570 2692 d)
1589 2659 1704 2693 Sequens
1719 2663 1783 2686 nota
1802 2659 1891 2686 litteris
1909 2659 1998 2685 rubris

335 2705 440 2737 scripta.
550 2703 572 2736 e)
592 2703 714 2736 Sequitur
732 2704 895 2730 eaestinctum:
915 2705 970 2737 pbr.

442 2777 462 2809 ¹)
482 2776 618 2802 Iohannes
636 2776 675 2802 II.
696 2775 853 2807 Waidlzofer
872 2779 1044 2803 1478—1486.
1142 2777 1162 2809 ²)
1182 2775 1362 2810 VVolfyanyus
1379 2775 1402 2802 Ι.
1421 2774 1609 2807 Schaffemuth
1629 2777 1802 2802 1483—1497.
1901 2775 1930 2807 ²).
1941 2774 1999 2800 An-

335 2819 415 2846 dreas
433 2819 467 2852 L,
487 2819 527 2846 ob.
540 2828 564 2845 a.
579 2823 646 2846 1519.
754 2819 774 2852 ⁴)
794 2818 837 2844 Ad
856 2826 929 2852 quem
947 2818 1115 2851 referendum
1133 2819 1176 2851 sit,
1194 2819 1328 2845 incertum
1345 2821 1389 2845 est.
1469 2846 1474 2851 ,
1497 2819 1518 2851 ⁵)
1536 2817 1653 2845 -Uzricus
1671 2816 1696 2845 I.
1715 2819 1892 2846 1390-1421.
