2150 3178
341 192 400 223 154
491 187 645 217 NECROL.
658 186 840 215 FRATRUM
858 185 1037 215 MINORUM
1055 186 1347 215 OBSERVANTIUM
1365 186 1592 215 Paovmclffl
1609 187 1851 216 AUSTMAOAE.

442 299 622 334 Eleuchus
646 299 806 333 omnium
830 299 1064 341 superiorum
1086 299 1294 342 proviuoIae
1316 299 1506 341 Austriae,
1529 299 1660 333 vie¹·‘¹··
1682 301 1721 334 ot
1743 300 1897 334 minmum
1920 309 2002 344 pro-

337 353 561 393 vindalium,
583 361 605 385 a
627 351 704 384 suis
728 351 943 393 primordiis
965 360 1030 385 seu
1053 352 1098 385 ab
1122 361 1154 385 a.
1172 351 1300 395 1452.·)

441 422 552 449 Primus
574 421 662 457 igitur
684 430 710 448 a.
725 420 794 448 1452
814 420 866 448 vic.
880 420 1043 455 provinciae
1059 421 1183 449 Viennae
1201 429 1219 448 a
1237 426 1265 447 s⁰
1280 420 1449 456 Capistrano
1467 421 1574 449 electus
1591 430 1648 450 rev.
1661 431 1689 457 p.
1702 422 1818 450 Gabriel
1836 423 1870 451 de
1882 422 2003 451 Verona.

445 467 477 493 A.
492 466 559 492 1453
572 463 701 499 praeside
714 473 734 491 s.
749 463 918 499 Capistrano
926 463 1129 492 Wratislaviae
1149 465 1256 492 electus
1273 463 1435 499 provinciae
1453 464 1507 492 vic.
1519 473 1577 492 rev.
1589 474 1617 500 p.
1627 464 1844 501 Christophorus
1856 465 2003 494 aVarisio.

444 510 475 536 A.
488 509 555 536 1454
574 508 673 536 eodem
692 517 713 535 s.
726 507 855 543 praeside
874 507 976 535 iterum
990 507 1191 535 wratislaviae
1210 508 1348 536 reelectus
1366 516 1422 536 rev.
1434 517 1462 543 p.
1476 507 1590 536 Gabriel
1609 508 1644 537 de
1656 508 1775 536 Verona.
2030 515 2043 534 s

443 553 475 580 A.
491 553 556 580 1457
575 552 688 579 Brunae
711 551 818 579 electus
841 552 884 579 est
906 559 963 578 rev.
981 560 1009 586 p.
1027 551 1215 579 Bernardinus
1238 551 1273 579 de
1298 551 1463 587 Ingentem,
1493 551 1691 580 celeberrimus
1720 552 1798 580 verbi
1821 551 1866 580 dei
1894 560 2005 587 praeco,

339 596 383 624 ob.
399 595 526 624 Viennae
544 595 580 623 ad
599 595 644 622 8⁰·
663 594 858 623 Theobaldum
878 596 908 622 et
926 594 1130 623 Bernardinum
1149 603 1174 622 a.
1190 594 1265 622 1486.

442 641 475 667 A.
491 639 558 666 1459
571 637 664 673 Loysii
679 638 716 665 ad
728 638 785 665 Smn
796 637 999 666 Bernardinum
1012 638 1041 664 in
1054 637 1182 673 capitulo
1195 637 1363 672 provinciali
1376 638 1477 666 iterum
1490 638 1597 666 electus
1609 646 1666 666 rev.
1676 647 1704 674 p.
1715 637 1830 667 Gabriel
1842 637 1877 666 de
1885 638 2005 667 Verona.

441 683 474 710 Δ.
490 682 558 710 1462
570 683 650 710 extra
664 681 827 709 iamnizium
845 681 882 708 ad
894 680 951 708 Sum
962 681 1061 709 Vitum
1079 681 1108 708 in
1128 680 1331 716 provincialem
1351 681 1444 709 vieium
1458 681 1565 710 electus
1583 682 1627 710 est
1643 689 1700 710 rev.
1713 690 1742 717 p.
1754 681 1952 710 Bonaventura
1970 682 2005 710 de

337 726 468 754 Bavaria.
2024 729 2050 750 ιο

442 770 474 796 A.
489 770 556 797 1464
580 768 610 796 in
629 768 772 802 Paradyso
795 767 831 795 ad
850 767 881 795 B.
895 767 1041 803 Virginem
1064 768 1094 795 et
1112 767 1170 795 sm
1185 767 1388 801 Laur(entium)
1408 767 1493 796 tertio
1510 768 1649 796 reelectus
1667 770 1710 796 est
1727 776 1784 796 rev.
1798 777 1826 804 p.
1838 768 1953 797 Gabriel
1971 769 2005 796 de

338 813 459 844 Verona.
478 812 561 840 subin
579 813 646 847 post
663 811 860 846 episcopatum
881 811 1068 839 Albanensem
1087 812 1117 838 et
1134 810 1298 846 Agriensem
1316 820 1338 839 s.
1351 810 1515 845 fflomanae)
1533 810 1692 844 e(eolesiae)
1711 811 1870 844 cardinalis,
1887 811 2007 840 moritur

339 856 447 885 Romae
465 865 491 883 a.
505 856 581 883 1486.

442 900 474 926 A.
489 899 557 927 1465
575 898 704 926 Viennae
728 896 857 932 praeside
884 901 916 931 ρο
939 896 1035 924 Marco
1059 896 1094 924 de
1119 895 1246 924 Bononia
1271 896 1338 924 vic¹⁰
1362 896 1489 932 generali
1511 897 1619 925 electus
1643 899 1686 925 est
1710 907 1767 926 rev.
1784 907 1812 933 p.
1831 898 1949 927 Iacobus
1971 898 2006 926 de

338 943 440 971 Maiori
460 942 607 978 Glogovia.
2025 946 2050 967 15

444 987 476 1014 A.
491 986 560 1013 1457
574 983 728 1012 Cracoviae
747 982 776 1010 in
790 982 910 1010 Polonia
928 981 1056 1018 praeside
1074 987 1137 1010 rev⁰
1154 987 1187 1018 ρο
1200 983 1284 1011 Petro
1301 992 1319 1011 a
1330 983 1454 1018 Neapoli
1471 985 1500 1018 (a
1513 992 1570 1019 quo
1581 984 1757 1012 authoritate
1770 984 1853 1013 Pauli
1865 993 1959 1021 papae
1971 985 2008 1015 11.

341 1032 371 1057 et
389 1039 422 1057 ex
442 1028 637 1057 commissione
655 1027 735 1055 revm¹
754 1027 794 1062 pi·
808 1025 940 1061 Ioan[nis]
954 1025 1104 1061 Baptistae
1123 1026 1158 1054 de
1171 1026 1296 1054 Levanto
1314 1026 1478 1062 provinciae
1497 1027 1598 1054 divisio
1617 1027 1705 1061 facta)
1723 1027 1752 1055 in
1772 1028 1864 1056 vic¹¹¹¹¹²
1875 1028 2008 1057 Austriae

343 1073 467 1100 secundo
486 1072 593 1099 electus
612 1073 656 1099 est
674 1070 824 1098 admodum
842 1078 900 1097 rev.
913 1078 940 1104 p.
955 1069 1154 1098 Bonaventura
1171 1069 1206 1098 de
1225 1070 1354 1103 Bavaria¹
1373 1070 1417 1099 ob.
1430 1070 1558 1099 Viennae
1575 1072 1608 1099 ut
1625 1071 1797 1107 guardianus
1815 1081 1840 1100 a.
1855 1073 1930 1101 1476.

447 1174 647 1216 sequentes
671 1183 718 1207 ex
741 1174 949 1216 provinense
973 1173 1228 1208 defunctorum
1252 1174 1419 1216 catalogo
1442 1176 1633 1209 notantur:

446 1244 513 1271 Rev.
528 1253 555 1279 p.
569 1244 694 1279 Angelus
712 1243 747 1270 de
767 1243 954 1279 Kirchschlag
975 1243 1012 1271 ob
1030 1243 1177 1279 praeclara
1194 1252 1246 1271 sua
1264 1243 1366 1271 merita
1383 1243 1488 1272 iterato
1506 1244 1535 1271 in
1556 1244 1648 1272 vieium
1667 1244 1830 1280 provinciae
1848 1247 2008 1281 assumptus
2025 1255 2052 1276 so

340 1288 459 1316 moritur
474 1287 597 1315 Viennae
616 1289 696 1314 extra
714 1295 807 1314 muros
824 1287 861 1314 ad
880 1287 938 1314 Sum
952 1286 1147 1314 Theobaldum
1166 1295 1191 1314 a.
1206 1286 1282 1315 1488.

444 1331 513 1360 Rev.
527 1340 555 1366 p.
570 1330 695 1358 Andreas
714 1330 748 1358 de
765 1330 887 1363 Leuben,
906 1330 1070 1365 provinciae
1088 1330 1223 1366 superior,
1242 1330 1286 1357 vir
1302 1329 1501 1366 integerrimae
1520 1331 1605 1365 vitae,
1624 1330 1793 1367 praecipuus
1807 1331 2009 1360 Francisoanae

341 1374 524 1410 paupertatis
543 1377 571 1401 et
590 1373 763 1401 humilitatis
782 1373 883 1405 cultor,
903 1373 976 1401 vixit
995 1374 1107 1402 centum
1126 1373 1209 1401 annis
1226 1375 1257 1401 et
1274 1375 1401 1401 mortuus
1418 1375 1462 1402 est
1480 1374 1606 1403 Viennae
1623 1383 1649 1402 a.
1662 1375 1739 1403 1494.

444 1418 511 1445 Rev.
526 1426 554 1452 p.
569 1417 726 1445 Alexander
749 1417 784 1444 de
803 1416 935 1449 posonio,
962 1416 1006 1444 vir
1029 1416 1151 1445 eximiae
1175 1415 1312 1445 scientiae
1335 1419 1365 1445 et
1382 1417 1572 1451 dexteritatis,
1595 1417 1659 1446 fidei
1678 1417 1838 1446 catholicae
1855 1417 2010 1446 indefessus

343 1461 457 1492 zelator.
478 1461 656 1489 Hussitarum
677 1462 831 1495 perpetuus
850 1460 1040 1495 impugnator,
1059 1460 1115 1488 fuit
1132 1459 1177 1488 bis
1196 1460 1250 1488 vic.
1262 1460 1424 1496 provinciae
1442 1462 1473 1488 et
1490 1460 1596 1489 Labaci
1606 1462 1626 1495 ¹)
1644 1462 1770 1489 mortuus
1788 1469 1814 1489 a.
1831 1461 1905 1489 1496.
2027 1471 2053 1494 η,

449 1504 517 1532 Rev.
531 1514 558 1540 p.
572 1504 766 1539 Archangelus
790 1503 824 1531 de
837 1503 987 1531 Weitrach
1010 1504 1046 1531 ob
1068 1502 1220 1531 maximam
1242 1503 1360 1539 regendi
1381 1503 1580 1533 dexteritatem
1604 1504 1690 1533 tertio
1711 1504 1742 1532 in
1760 1504 1930 1540 superiorem
1948 1514 2010 1541 pro-

345 1548 456 1576 vinciae
475 1548 583 1575 electus
602 1556 664 1575 eam
683 1556 734 1582 per
751 1547 847 1574 decem
866 1555 956 1574 annos
974 1547 1198 1575 laudabilissime
1215 1547 1297 1579 rexit,
1315 1547 1360 1575 ob.
1372 1555 1397 1575 a.
1412 1547 1488 1575 1518.

451 1592 518 1619 Rev.
533 1601 560 1626 p.
574 1590 793 1626 Christophorus
811 1589 846 1617 de
866 1590 1026 1623 Monachio,
1047 1590 1100 1618 vic.
1113 1590 1327 1626 prov(incialis),
1345 1591 1471 1618 mortuus
1488 1599 1514 1619 a.
1527 1591 1602 1619 1519.

446 1634 515 1662 Rev.
530 1644 557 1669 p.
570 1633 708 1669 Georgius
728 1633 762 1660 de
782 1633 935 1669 Amberga,
954 1634 997 1661 vir
1016 1634 1113 1670 magni
1133 1633 1252 1668 consilii,
1270 1633 1370 1662 itidem
1388 1633 1515 1669 superior
1531 1634 1703 1670 provinciae,
1721 1635 1766 1663 ob.
1778 1643 1803 1663 a.
1816 1635 1893 1663 1534.

449 1739 502 1772 De
526 1738 713 1779 religiosis
739 1738 888 1778 virtute,
911 1738 1050 1779 pietate
1073 1739 1111 1770 et
1134 1737 1341 1771 sanctitatis
1363 1738 1532 1780 opinione
1555 1737 1775 1780 insignibus:
2027 1758 2054 1779 ,ο

449 1808 540 1836 Ven¹³¹
553 1818 580 1843 p.
595 1808 720 1835 Hilarius
739 1816 757 1834 a
768 1806 964 1842 Kirchschlag,
982 1806 1031 1841 qui
1051 1807 1116 1834 dum
1135 1807 1163 1834 b.
1177 1806 1295 1841 virginis
1313 1806 1432 1834 eximius
1450 1807 1542 1835 cultor
1559 1809 1634 1836 esset
1651 1809 1680 1836 et
1696 1816 1837 1835 sacrarum
1850 1807 2010 1836 litterarum

345 1852 483 1887 dogmata
502 1850 673 1886 profundius>
688 1851 858 1885 penetraret,
878 1850 921 1877 ita
939 1848 1062 1885 proficue
1081 1859 1143 1877 cum
1162 1849 1319 1885 apostolico
1337 1850 1557 1885 praedicationis
1574 1859 1687 1879 munere
1705 1853 1735 1879 et
1752 1852 1890 1886 perpetuo
1902 1851 2008 1879 anima·

344 1904 405 1922 rum
424 1895 502 1922 lucro
522 1894 682 1929 religiosam
702 1893 878 1925 modestiam,
899 1892 1014 1920 virtutis
1033 1893 1165 1926 studium,
1186 1893 1264 1921 vitae
1276 1893 1397 1928 rigorem
1410 1893 1566 1927 coniunxit,
1584 1895 1618 1922 ut
1629 1893 1735 1929 passim
1747 1894 1782 1921 de
1794 1902 1827 1922 eo
1840 1894 1861 1921 s¹
1874 1894 2010 1922 clamores

345 1941 374 1966 et
392 1938 606 1966 aestimationes
627 1947 660 1964 ac
680 1938 804 1964 famosae
823 1936 943 1972 pietatis
962 1937 1142 1972 operationes
1160 1936 1382 1971 divulgarentur.
1418 1937 1486 1965 Erat
1503 1947 1575 1965 unus
1592 1938 1627 1966 de
1645 1937 1744 1973 primis
1761 1937 1904 1973 lapidibus
1921 1946 2010 1973 anga-

344 1981 452 2009 laribus
466 1980 636 2016 provinciae,
652 1980 763 2007 demum
776 1979 862 2007 hilari
875 1988 974 2015 agone,
993 1989 1055 2007 oum
1069 1981 1161 2008 laetus
1175 1988 1290 2016 operum
1303 1989 1415 2008 suorum
1428 1989 1587 2015 supremum
1600 1981 1721 2009 iudicem
1734 1983 1763 2008 et
1774 1981 2010 2009 remuneratorem
2028 1990 2053 2011 ³5

340 2025 502 2056 sustineret,
522 2023 656 2052 occubuit
676 2023 853 2059 Puppingae,
873 2023 953 2051 iuxta
971 2024 1116 2059 pulpitum
1134 2024 1163 2051 in
1182 2024 1266 2051 choro
1284 2023 1420 2059 sepultus,
1439 2033 1464 2052 a.
1480 2024 1554 2063 1483.

451 2068 544 2095 Venus
557 2077 583 2102 p.
597 2067 722 2094 Michael
736 2067 770 2094 de
783 2066 897 2102 Septem
911 2066 1024 2100 Castris,
1044 2066 1203 2095 eruditione
1221 2068 1251 2094 et
1269 2067 1363 2102 gratia
1381 2067 1602 2102 praedicationis
1615 2067 1794 2101 clarissimus,
1811 2069 1876 2103 post
1887 2066 2010 2102 plurima

341 2111 397 2138 sibi
417 2120 511 2138 coram
531 2111 582 2138 deo
602 2112 630 2138 et
650 2109 812 2137 homiuibus
831 2111 996 2145 comparata
1013 2109 1116 2138 merita
1134 2109 1233 2138 mortis
1251 2119 1318 2138 suae
1332 2119 1485 2146 praesagus
1500 2111 1536 2138 ad
1548 2110 1739 2146 recipiendam
1751 2111 1907 2139 mercedem
1919 2112 2008 2138 aeter-

310 2161 313 2166 '
342 2164 407 2182 nam
427 2155 464 2182 ad
482 2155 575 2182 caelos
594 2153 720 2181 evolavit
739 2153 900 2181 Lanoovitii
917 2162 943 2180 a.
959 2154 1033 2181 1483.

444 2197 539 2225 Venus
557 2206 585 2232 p.
599 2197 763 2224 Franciscus
789 2197 823 2224 de
843 2197 1002 2229 Landshut,
1030 2197 1067 2224 ob
1086 2197 1298 2232 integerrimam
1324 2197 1413 2224 vitam
1438 2198 1468 2224 et
1493 2197 1624 2225 devotam
1649 2196 1828 2225 alacritatem
1845 2205 2008 2231 morumque
2026 2205 2052 2226 ω

343 2241 591 2276 exemplaritatem
614 2241 651 2268 ab
676 2240 897 2268 eminentissimo
922 2246 955 2275 ρο
979 2240 1110 2268 Gabriele
1136 2240 1274 2268 cardinali
1300 2242 1330 2268 et
1354 2246 1404 2275 ep⁰
1426 2240 1556 2275 Agriensi
1579 2241 1729 2275 (quondam
1754 2246 1777 2267 s¹
1793 2239 1955 2275 Gapistrani
1979 2239 2009 2267 in

343 2284 478 2320 erigenda
498 2284 645 2318 provincia
664 2283 814 2311 Austriaea
833 2271 996 2311 coadiutore
1014 2283 1140 2319 egregio)
1159 2283 1188 2311 in
1208 2284 1407 2312 confessarium
1427 2285 1457 2311 et
1474 2284 1646 2311 sacellanum
1665 2285 1838 2319 assumptus,
1861 2285 1957 2311 aetate
1979 2284 2009 2311 et

344 2327 452 2355 meritis
473 2327 582 2362 plenus,
602 2327 681 2354 caelo
699 2327 825 2354 nascitur
844 2327 948 2362 Agriae
966 2336 991 2354 a.
1006 2327 1081 2355 1486.

446 2370 539 2398 Venus
552 2380 579 2405 p.
591 2370 742 2405 Gregorius
756 2371 789 2397 de
803 2371 836 2396 W
838 2370 987 2402 eidhoffen,
1004 2370 1189 2398 zelosissimus
1206 2370 1392 2405 praedicator.
1411 2370 1568 2398 animarum
1578 2371 1704 2403 venator,
1721 2369 1878 2398 altissimae
1890 2378 2008 2405 pauper-

346 2413 417 2441 tatis
435 2416 553 2446 amator,
574 2414 617 2440 vir
635 2413 893 2448 exemplarissimae
911 2413 997 2445 vitae,
1015 2413 1141 2448 optimae
1154 2412 1342 2440 conscientiae
1354 2421 1388 2440 ac
1400 2413 1542 2447 perfectae
1559 2413 1745 2445 obedientiae,
1759 2412 1885 2440 Viennae
1897 2421 1922 2440 a.
1933 2412 2008 2441 1493.
2026 2421 2052 2440 ⁴5

448 2457 540 2484 Venus
554 2466 581 2491 p.
594 2457 719 2484 Andreas
732 2457 766 2484 de
781 2457 902 2488 Leuben,
922 2456 964 2483 vir
982 2456 1092 2491 pietate
1111 2458 1140 2484 et
1159 2456 1287 2484 doctrina
1306 2456 1483 2488 clarissimus,
1502 2465 1574 2484 unus
1591 2456 1626 2483 de
1643 2455 1743 2491 primis
1761 2457 1791 2483 et
1809 2455 1908 2483 electis
1925 2455 2009 2483 huius

342 2500 504 2535 provinciae
532 2500 676 2535 lapidibus
694 2500 887 2535 angularibus,
911 2499 1026 2535 spiritui
1048 2499 1184 2528 orationis
1206 2508 1316 2534 semper
1336 2499 1470 2532 intentus,
1493 2503 1559 2535 post
1579 2498 1740 2534 provinciae
1761 2498 1927 2527 divisionem
1948 2499 2008 2531 vie„

344 2552 438 2571 omnes
460 2545 617 2571 conventus
636 2543 767 2571 Austriae
786 2544 916 2578 pedester
935 2543 1034 2571 invisit
1052 2543 1158 2578 ubique
1177 2543 1357 2578 paupertatis
1376 2545 1405 2571 et
1423 2542 1595 2570 humilitatis
1613 2542 1734 2578 vestigia
1751 2542 1921 2577 relinquens,
1945 2544 2008 2577 post

447 2665 473 2698 ο)
492 2666 635 2691 Αηηοιαυίι
647 2666 762 2699 Herzog:
785 2667 871 2698 Quare
889 2667 994 2692 nomina
1012 2668 1183 2700 superiorum,
1202 2667 1247 2699 qui
1266 2670 1324 2700 post
1344 2667 1496 2692 divisionem
1514 2665 1663 2699 provinciae
1680 2673 1764 2698 usquo
1780 2665 1814 2690 ad
1831 2673 1892 2691 mox
1910 2665 2008 2691 dictum

342 2717 369 2735 a.
384 2711 450 2734 1516
469 2710 659 2742 gubernavere‚
678 2717 708 2735 eo
726 2714 827 2735 tantum
845 2710 942 2742 ordine,
961 2718 1038 2743 quem
1056 2711 1188 2743 antiquior
1205 2711 1268 2735 frum
1286 2710 1466 2735 defunctorum
1485 2709 1621 2742 catalog-us
1638 2708 1766 2741 exprimit,
1785 2708 1845 2734 dare
1862 2717 2007 2742 possumus.
2026 2715 2052 2734 50

451 2786 471 2818 ¹)
491 2784 652 2812 Coenobium
670 2793 691 2812 s.
705 2786 816 2812 Mariae
834 2786 864 2812 in
882 2786 966 2812 coelos
979 2789 1132 2820 assumptae
1143 2785 1294 2812 dedoeamm
1306 2785 1408 2812 Labaci
1419 2785 1451 2811 in
1466 2784 1596 2812 Oarniola
1608 2783 1680 2811 cirea
1692 2792 1717 2811 a.
1729 2787 1798 2811 1490
1809 2792 1871 2812 aere
1881 2784 2006 2812 commum

341 2827 377 2854 -de
394 2828 546 2863 Auersbery
564 2828 734 2861 aedificatum
753 2831 778 2855 et
795 2829 929 2861 fratribus
948 2829 1104 2856 Minoribus
1121 2828 1253 2856 traditu-m
1270 2831 1313 2855 est.
1488 2841 1494 2846 ·
