2150 3178
288 179 394 206 LIBER
413 177 656 206 OBLATIONUM
674 177 723 204 ΕΤ
741 175 988 203 ANNIVERSAR.
1001 175 1195 203 ECCLESIAE
1213 176 1239 203 S.
1253 175 1438 204 STEPHANI
1457 176 1658 204 VINDOBON.
1736 179 1798 210 325

452 263 663 308 perpetua]
707 264 747 295 A.
765 263 795 295 d.
816 265 896 294 1404
921 262 971 294 ob.
989 261 1019 294 d.
1037 262 1209 295 Heinricus
1227 263 1347 296 Khekh
1371 266 1405 296 et
1427 267 1562 296 testatus
1585 267 1634 296 est
1657 264 1799 306 capitulo

452 321 526 358 pr²¹¹¹
542 326 632 348 suam
654 325 713 358 pro
736 314 854 347 anniv¹⁰
875 316 1043 356 perpetuO.
1082 314 1169 356 Mag.
1182 314 1345 347 Fridricus
1362 315 1402 346 de
1418 315 1638 356 Dmsendorff,
1663 326 1800 357 magnus

451 368 643 409 astrologus,
662 378 735 399 eum
751 377 808 398 sua
824 377 871 408 pr.
888 365 1058 397 adiunctus
1074 369 1123 398 est
1138 365 1199 397 sibi
1215 369 1247 397 et
1262 367 1428 408 peragitur
1444 377 1557 398 eorum
1572 367 1677 398 anniv.
1695 367 1798 398 simul.

145 425 186 453 14.
235 423 309 452 XIX.
323 424 379 452 kal.
403 419 547 463 [Anniv.
562 418 811 451 Raeschelini
828 428 908 449 cum
928 419 969 448 12
985 419 1016 459 β.
1032 416 1184 460 Wienn.J
1222 418 1338 449 Anniv.
1352 419 1445 449 Anne
1463 421 1590 450 etwenn
1607 417 1663 449 des
1676 418 1800 460 Junger

451 470 614 502 hausfraw
639 470 817 512 peragitur.
867 469 919 501 Ibi
949 468 1072 500 habent
1101 469 1242 501 litteram
1274 469 1406 511 capituli
1438 479 1510 500 cum
1540 480 1624 510 pena
1653 480 1682 501 a.
1708 471 1798 501 1416.

451 522 537 554 Item
559 522 664 553 anniv.
682 521 740 553 der
763 521 863 552 Peter
886 520 1059 562 Stranginn
1081 521 1248 563 peragitur
1268 520 1323 552 ibi.

130 576 184 605 '15.
207 577 378 604 XV111.kal.
402 572 455 616 [D.
472 572 638 605 Michael
662 572 770 614 can.³)
816 571 1079 614 Chunigundis
1102 571 1314 613 Eysnerinn
1343 571 1449 604 dedit
1478 572 1650 613 capitulo
1675 575 1719 604 24
1734 577 1799 610 tta.

451 635 520 666 pro
550 623 695 655 anniv¹⁰
718 627 905 666 perpetuo
929 623 1150 665 peragendo
1178 634 1244 665 per
1271 623 1371 655 idem
1394 624 1603 665 capitulum
1626 625 1800 665 proxima

452 676 512 707 die
545 678 631 717 post
659 676 960 717 assumptionem
988 675 1107 707 Marie
1137 675 1244 717 (Aug.
1266 676 1321 717 16)
1353 686 1381 707 a.
1405 674 1511 718 1386]
1541 686 1614 707 eum
1645 677 1663 707 3
1685 675 1740 707 tal.
1760 680 1799 716 13„

452 738 533 769 quos
556 728 621 758 iam
644 727 780 769 porrigit
802 726 959 768 Ulr(ieus)
983 727 1157 769 Wiersing.

142 784 183 812 16.
222 783 308 810 XVII.
321 783 378 810 kal.
401 779 496 811 Anna
511 778 817 820 Chellnhaymerinn
837 781 956 810 testata
981 781 1029 809 est
1045 779 1186 820 capitulo
1204 780 1244 810 34
1258 783 1288 810 a.
1303 789 1361 820 pro
1379 778 1497 810 anniv¹⁰
1513 778 1701 820 peragendo
1717 778 1800 809 infra

451 834 581 862 octavas
604 830 831 872 assumptionis
858 830 912 862 vel
940 830 971 861 in
999 832 1017 862 8
1042 830 1156 862 diebus
1180 833 1254 862 ante
1278 831 1537 872 assumpoionem
1561 830 1661 872 (Aug.
1680 830 1800 872 8-22)

451 882 511 914 sub
535 885 624 914 certa
647 892 741 923 pena.

143 939 183 966 19.
234 938 307 965 XIV.
320 938 377 965 kal.
400 933 461 966 Illo
485 933 538 965 die
563 933 612 965 ob.
628 943 714 974 mag.
732 932 920 965 Gerhardus
944 933 984 965 de
1001 933 1171 975 Hwezzen,
1197 934 1250 975 qui
1274 936 1410 965 testatus
1434 936 1482 965 est
1501 938 1575 975 pr⁸¹¹²
1592 933 1744 975 capitulo,
1769 936 1801 965 et

452 986 482 1017 d.
494 985 641 1026 Georius,
666 985 721 1026 qui
737 986 834 1016 etiam
851 987 987 1016 testatus
1011 988 1060 1017 est
1083 995 1174 1016 suam
1197 989 1282 1027 pr‘m,
1305 985 1391 1027 quod
1415 985 1488 1017 huic
1504 984 1642 1016 addatur
1666 984 1706 1016 de
1729 985 1801 1016 aliis

450 1037 544 1069 bonis
566 1047 625 1079 per
649 1047 723 1068 eum
746 1036 909 1068 derelictis
931 1047 1034 1078 usque
1057 1036 1099 1068 ad
1123 1039 1163 1069 50
1177 1042 1206 1068 412
1230 1047 1288 1078 pro
1312 1036 1431 1068 anniv¹⁰
1454 1039 1623 1078 perpetuo,
1647 1036 1705 1067 sed
1725 1037 1801 1078 quia

450 1099 514 1120 uno
538 1089 590 1121 die
613 1089 733 1120 mortui
756 1091 789 1120 et
807 1089 956 1130 sequenti
979 1088 1031 1120 die
1054 1099 1118 1120 uno
1139 1088 1263 1120 tumulo
1280 1088 1459 1130 consepulti
1482 1091 1564 1128 sunt,
1588 1088 1710 1130 placuit
1732 1099 1800 1120 am-

450 1140 564 1172 borum
593 1140 859 1179 testamentariis,
892 1139 978 1181 quod
1006 1140 1099 1171 simul
1130 1141 1228 1171 etiam
1259 1143 1412 1181 ageretur
1439 1150 1550 1171 eorum
1577 1140 1683 1171 anniv.
1708 1142 1799 1171 1404.

450 1193 490 1224 A.
508 1191 538 1223 d.
560 1194 640 1223 1424
663 1193 696 1223 in
714 1193 853 1223 crastino
870 1192 1102 1233 assumpcionis
1124 1192 1155 1223 b.
1173 1191 1274 1224 Marie
1299 1192 1350 1223 ob.
1368 1202 1453 1234 mag.
1470 1191 1587 1223 Petrus
1603 1190 1800 1232 Deekinger,

452 1243 566 1275 doctor
588 1243 803 1275 decretorum.
848 1243 999 1275 Testatus
1020 1246 1070 1275 est
1092 1254 1151 1285 pro
1174 1243 1292 1275 anniv10
1314 1247 1471 1285 perpetuo
1496 1253 1610 1285 corpus
1634 1248 1685 1284 pr⁶
1707 1243 1801 1275 unius

451 1296 526 1327 anni
549 1306 622 1327 eum
645 1298 738 1337 parte
762 1294 922 1326 deservita
946 1298 979 1326 et
1002 1297 1043 1327 20
1056 1299 1123 1332 etta.

139 1351 184 1379 22.
260 1350 376 1378 XLkal.
401 1346 568 1390 [Relicta
591 1346 776 1378 Iohannis
799 1346 844 1378 de
860 1345 959 1389 Ybs],
983 1346 1170 1387 secundum,
1193 1350 1229 1378 ut
1252 1348 1345 1378 vinea
1366 1347 1490 1378 locetur
1506 1346 1547 1378 ad
1564 1351 1616 1377 sum
1632 1345 1743 1377 Vitum
1767 1346 1799 1377 in

451 1398 663 1441 Hakenperg.

278 1454 311 1482 X.
322 1454 379 1482 kal.
404 1449 456 1492 [D.
473 1449 617 1482 Paulus
640 1450 747 1482 dedit
770 1452 814 1482 37
829 1448 908 1492 wey]

262 1505 310 1533 IX.
323 1505 379 1532 kal.
404 1501 608 1545 [Iohannes
630 1501 819 1533 Raesehel
842 1503 887 1533 24
904 1500 978 1544 taL]
1003 1512 1075 1533 cum
1102 1503 1140 1533 12
1156 1502 1187 1542 β.
1206 1506 1230 1539 ᾧ.
1276 1500 1383 1544 [Item
1407 1501 1529 1532 anniv.
1548 1500 1800 1533 diBartholo-

451 1554 539 1593 mei,
570 1553 669 1595 quod
700 1553 816 1585 debet
839 1553 975 1595 peragi
997 1554 1034 1584 in
1058 1552 1118 1585 die
1141 1553 1406 1585 Bartholomei
1428 1552 1595 1594 apostoli
1624 1552 1667 1584 de
1692 1552 1800 1584 bonis

451 1606 488 1636 in
509 1603 790 1647 Lewbendorf.]

140 1660 184 1689 26.
245 1660 308 1687 VII.
321 1660 378 1687 kal.
402 1656 629 1689 Chunradus
653 1656 697 1688 de
715 1655 820 1688 Gars.
865 1657 905 1688 A.
923 1656 952 1687 d.
974 1659 1054 1688 1405
1072 1656 1123 1688 ob.
1140 1666 1225 1698 mag.
1244 1655 1426 1698 Stephanus
1450 1658 1483 1687 et
1498 1658 1635 1687 testatus
1659 1658 1707 1687 est
1726 1661 1801 1697 pram

451 1719 551 1749 suam,
579 1710 616 1740 19
630 1712 660 1739 a.
676 1701 763 1749 feeit,
788 1712 822 1740 et
843 1708 971 1739 vineam
994 1709 1027 1739 in
1043 1707 1258 1749 Newnbwrga
1281 1707 1476 1739 addiderunt
1495 1707 1729 1739 testamentarii
1752 1708 1801 1738 sui

140 1505 184 1533 33
141 1453 183 1482 ξὲ

451 1770 509 1801 pro
532 1763 691 1802 perpetuo
714 1759 842 1791 anniv¹⁰.

141 1813 184 1842 28.
276 1815 310 1842 V.
321 1815 380 1843 kal.
406 1810 600 1854 [Albertus
623 1812 768 1843 tercius
786 1811 862 1843 dux
878 1811 1049 1851 Austrie,
1073 1811 1115 1842 fr.
1131 1810 1335 1853 Leupoldi,
1359 1811 1396 1842 in
1412 1811 1578 1842 crastino
1596 1810 1801 1852 Augustini

451 1863 489 1894 in
511 1862 737 1895 Laxendorf
757 1866 844 1894 ante
869 1866 991 1894 ortum
1016 1863 1108 1895 solis
1131 1865 1302 1894 mortuus
1326 1865 1383 1894 est
1405 1873 1434 1894 a.
1452 1862 1482 1893 d.
1502 1862 1619 1903 1396]

141 1917 185 1945 29.
262 1917 309 1944 IV.
322 1917 378 1944 kal.
401 1914 516 1946 Anniv.
530 1913 717 1946 Chuenradi
733 1914 773 1946 de
791 1914 901 1955 Gamz,
921 1915 978 1946 civ.
991 1914 1143 1956 Wyenn.,
1160 1917 1336 1956 peragatur
1351 1913 1536 1955 secundum,
1553 1914 1662 1945 instita
1677 1914 1802 1944 locetur

452 1966 611 2007 Asparen.
655 1965 766 1998 Habet
788 1965 931 1997 litteram
954 1965 1086 2008 capituli
1109 1976 1181 1997 oum
1206 1976 1300 2007 pena.

141 2020 185 2050 81.
274 2022 310 2048 II.
323 2021 378 2048 kal.
402 2017 465 2049 Hic
489 2018 655 2059 peragitur
677 2018 782 2049 anniv.
799 2017 899 2049 Ulriei
922 2017 1188 2059 Freyndorfferb)
1212 2020 1244 2049 et
1265 2017 1323 2048 filii
1346 2017 1393 2048 sui
1414 2017 1567 2048 Iohannis
1583 2015 1802 2048 Freindorffer

452 2071 485 2100 et
500 2071 671 2110 parentum
687 2079 817 2100 suorum
834 2071 944 2110 empta
959 2069 1086 2110 vineae)
1103 2092 1210 2100 .....
1214 2093 1222 2110 ,
1239 2071 1272 2100 et
1287 2068 1407 2100 habent
1423 2068 1565 2100 litteram
1581 2068 1713 2110 capituli
1728 2078 1800 2099 cum

454 2130 548 2162 pena.

827 2195 1120 2232 SEPTEMBER.

156 2279 182 2307 3.
255 2278 303 2305 111.
317 2286 379 2305 non.
402 2274 465 2306 Hic
489 2274 540 2306 ob.
559 2275 588 2306 d.
605 2274 795 2306 Leonardus
819 2273 1035 2316 Sumerawfzr,
1064 2285 1133 2307 ean.
1150 2275 1180 2306 h.
1199 2286 1239 2315 e.‚
1269 2277 1302 2306 et
1325 2276 1462 2306 testatus
1490 2276 1539 2305 est
1562 2273 1703 2315 capitulo
1727 2279 1802 2315 pr¹¹m

453 2336 526 2357 eum
550 2326 710 2358 deservito
734 2336 792 2368 pro
816 2326 934 2358 anniv¹⁰
957 2337 986 2358 a.
1003 2329 1064 2358 ete.
1082 2326 1207 2368 (14)32.

155 2381 184 2409 4.
271 2381 304 2407 11.
317 2389 380 2408 non.
403 2377 505 2409 Nota:
537 2378 623 2409 eirca
644 2377 763 2409 festum
785 2377 962 2409 nativitatis
985 2377 1088 2409 Marie
1120 2377 1223 2409 sullen
1254 2377 1306 2409 die
1338 2377 1474 2408 weissen
1501 2376 1622 2418 pruder
1650 2386 1702 2407 am
1733 2375 1805 2407 Hof

452 2428 595 2460 Mieheln
626 2428 700 2460 dem
728 2428 924 2461 Ekeherlein
957 2439 1020 2460 von
1048 2429 1232 2461 Ymendorf
1258 2429 1382 2470 seligen
1413 2429 1508 2460 ainen
1540 2429 1665 2469 ewigen
1692 2428 1802 2469 jartag

453 2479 559 2511 haben
591 2479 656 2511 und
687 2479 795 2521 begen
826 2480 891 2511 und
924 2480 1025 2513 sullen
1053 2480 1170 2521 jerlich
1204 2480 1279 2512 dem
1312 2480 1431 2522 eapitel
1463 2490 1499 2511 ze
1529 2480 1645 2511 wissen
1673 2482 1730 2510 tun
1757 2489 1800 2510 un

452 2531 555 2563 sullen
587 2530 644 2563 des
666 2531 814 2563 Leittner
837 2531 980 2573 kapplan
1013 2542 1064 2563 um
1099 2532 1162 2564 den
1194 2531 1314 2574 geben,
1346 2531 1412 2562 und
1443 2541 1536 2562 wenn
1567 2531 1594 2561 si
1625 2530 1683 2562 des
1713 2530 1801 2561 nicht

452 2584 537 2623 tunt,
567 2592 603 2614 so
631 2582 735 2614 sullen
762 2593 798 2624 sy
825 2582 900 2615 dem
927 2584 1046 2624 capitel
1073 2584 1236 2615 vervallen
1264 2583 1332 2614 sein
1359 2584 1396 2613 12
1412 2583 1442 2623 β.
1459 2587 1483 2620 03.
1503 2592 1560 2624 pro
1584 2591 1668 2623 pena
1691 2592 1720 2612 a.
1738 2585 1798 2613 etc.

454 2633 578 2676 (14)17.

246 2753 270 2786 ⁸)
289 2753 360 2780 Nota
376 2763 454 2788 super
472 2755 527 2781 loco
545 2763 607 2780 raao
625 2755 729 2788 scripta.
829 2756 854 2788 b)
873 2757 953 2782 Uli-ici
967 2757 1146 2790 Freyndorffer
1163 2764 1239 2789 super
1258 2756 1328 2781 linea
1346 2757 1472 2788 suppleta.
1573 2754 1596 2787 ο)
1622 2753 1676 2779 Vooe
1694 2762 1800 2786 aequem

147 2801 214 2823 certe
232 2797 281 2830 leqi
298 2798 391 2830 nequit.
