2150 3178
348 173 411 204 500
756 167 1024 196 NEcROLoomM
1043 166 1234 196 cANOMAs
1253 166 1302 194 AD
1320 166 1347 196 s.
1361 166 1612 196 mpronr'rtm.

349 261 392 290 14.
475 261 510 288 ΙΙ.
523 260 561 287 id.
610 255 772 288 Ethicus
799 255 876 298 pbr.
900 257 939 288 et
965 254 1008 287 fr.
1028 266 1060 287 n.
1106 254 1332 287 Wilhalmus
1359 253 1438 296 pbr.
1458 256 1498 287 et
1523 254 1569 287 fr.
1588 265 1619 287 n.
1664 253 1854 288 Volradus
1876 254 1956 297 pbr.
1980 257 2018 287 et

660 307 703 340 fr.
728 318 758 339 ιι.
811 307 1041 340 Chunradus
1072 307 1260 347 medicus,
1292 306 1440 339 oblatio
1473 307 1519 339 20
1539 310 1564 344 ᾧ.
1618 305 1858 349 Gertrudis⁸)
1888 310 1949 339 ov·
1977 309 2018 339 et

661 370 736 392 sor.
753 370 784 390 n.
828 358 1057 391 chunradus
1080 368 1131 391 ov.
1149 362 1188 391 et
1210 358 1253 390 fr.
1269 369 1300 390 n.
1347 356 1558 400 [christina
1580 368 1653 392 sor.
1669 357 1731 400 n.¹²)
1769 357 2019 400 Margaretha

660 411 971 453 Kalaspergerin
993 410 1069 443 mu·
1092 410 1432 453 Salezpurgensis‚
1455 419 1609 442 consor.
1625 408 1670 453 n.]
1714 409 1844 452 Kaspar
1866 419 1935 442 can.
1952 408 2018 442 Pa-

661 466 725 495 tav.
743 465 836 495 extra
851 473 971 504 muros,
984 462 1064 505 pbr.
1082 465 1115 494 et
1130 462 1187 494 cfr.
1204 473 1235 494 n.
1273 461 1425 494 Mathone
1440 471 1533 504 ppos.
1549 461 1582 493 in
1597 461 1706 494 Snben
1715 461 1755 503 ²),
1777 461 1847 504 pbr.
1865 464 1899 494 et
1913 461 1970 494 ofr-
1986 471 2018 494 ιι.

661 514 763 547 Otilia
786 514 849 547 mn·
872 514 966 547 mon¹¹
987 514 1012 546 si
1035 514 1149 547 Iaoobi
1170 514 1203 546 in
1219 513 1372 555 Wienna,
1400 523 1525 546 consor.
1541 524 1572 545 ιι.
1617 513 1853 556 Bolfgangw)
1877 512 1960 546 diso.
1976 512 2018 546 de

661 567 775 607 Zwetl,
799 567 855 599 cfr.
872 577 902 598 n.
950 566 1141 599 Ambrosius
1156 565 1308 608 Eglawer
1333 565 1375 598 de
1390 565 1528 598 Patavia
1546 567 1640 598 extra
1655 575 1764 598 muros
1779 564 1849 608 pbr.
1865 568 1899 598 et
1913 565 1969 598 cfr.
1986 575 2017 599 ιι.

661 618 780 651 Petrus
802 618 937 661 Rueger
959 618 1001 651 de
1025 618 1213 661 'tegernsee
1235 618 1306 660 pbr.
1324 620 1358 650 et
1380 617 1437 650 cfr.
1453 628 1483 650 n.

351 675 393 704 15.
522 675 561 703 id.
612 670 846 713 Engelradis
876 675 939 702 ov·
965 673 1004 702 et
1029 681 1100 702 sor.
1122 681 1151 703 ιι.
1199 670 1291 702 Otto
1319 669 1398 712 pbr.
1422 672 1460 702 et
1485 669 1527 701 fr.
1544 679 1575 701 n.
1621 667 1881 701 Wernhardus
1904 677 1957 700 (ιν.
1980 669 2020 700 et

661 723 706 754 fr.
722 733 753 754 n.
800 721 990 766 [Rugerus
1013 721 1059 754 de
1076 721 1118 754 8⁰
1133 721 1290 754 Andrea
1312 721 1392 764 pbr.
1410 724 1450 754 et
1471 721 1536 766 cfr.
1553 719 1596 764 n.]
1641 720 1803 753 Iohannes
1819 718 1953 762 Steyrer
1967 729 2017 752 cv·

663 774 704 806 de
729 773 877 815 Seoovia‚
902 773 958 806 cfr.
975 785 1006 806 ιι.
1051 773 1215 806 Iohannes
1233 773 1351 806 Prawn
1373 783 1466 816 ppos.
1483 772 1525 805 de
1542 771 1870 814 Worthemgadm'),
1896 770 1967 814 pbr.
1986 773 2021 804 ot

662 826 719 858 cfr.
742 836 773 858 ιι.
823 825 987 858 Iohannes
1015 825 1056 858 de
1086 824 1294 858 Understorff
1318 824 1388 867 pbr.
1412 828 1446 857 et
1474 824 1531 857 ofr.
1552 835 1583 856 ιι.
1635 823 1798 856 Iohannes
1819 822 1951 856 Hewtel
1977 821 2019 856 de

662 877 851 920 Newburga
886 877 957 920 pbr.
983 881 1017 910 et
1045 877 1102 909 cfr.
1129 888 1159 909 n.
1214 882 1247 909 D.
1269 881 1411 909 Iohannes
1439 890 1454 909 e
1482 881 1736 916 Paungartenperg
1762 879 1906 915 quondam
1933 878 2020 915 prior,

664 929 724 964 pbr.
738 931 768 957 et
786 929 835 956 cfr.
849 938 876 956 ιι.
913 928 1058 957 Conrndus
1071 928 1160 956 Waur
1179 928 1213 956 de
1231 928 1395 963 Newburga
1413 927 1474 963 pbr.
1488 930 1518 955 et
1536 927 1584 955 cfr.
1597 936 1624 955 ιι.

351 977 392 1006 16.
428 977 582 1005 XV11.kal.
611 973 769 1007 Uli-icus
792 983 896 1016 ppos.
914 973 1084 1006 ecclesie
1107 972 1135 1004 s¹
1152 972 1368 1015 Floriani.³)
1413 971 1503 1004 Otto
1527 971 1606 1014 pbr.
1622 970 1776 1003 ibidem.
1822 968 2021 1013 [Nicolaun

662 1025 752 1058 Ciso
780 1024 859 1067 pbr.
881 1024 927 1057 de
950 1024 1117 1057 Medlioo
1141 1027 1179 1057 et
1201 1024 1268 1057 cfr.
1285 1035 1315 1056 n.
1365 1023 1532 1056 Sifridus
1554 1033 1605 1056 ov.
1627 1023 1662 1055 in
1687 1022 2022 1055 chremsmunster

664 1080 703 1109 et
726 1077 770 1109 fr.
789 1087 819 1109 n.
865 1076 1109 1109 Fr.10‹100us
1133 1075 1180 1108 de
1204 1075 1347 1118 Campo
1370 1075 1542 1108 liliorum
1564 1074 1642 1118 pbr.
1663 1077 1701 1108 et
1722 1073 1787 1106 ofr.
1802 1084 1833 1106 ιι.
1854 1079 1863 1083 “
1880 1071 2022 1105 ΜὶοΙιοΙ

665 1128 711 1161 de
728 1129 887 1161 Lawsee
911 1129 990 1171 pbr.
1009 1128 1054 1161 de
1070 1127 1400 1170 Nenburgensisd)
1423 1130 1462 1160 et
1484 1127 1548 1160 ofr.
1565 1138 1596 1159 ιι.
1633 1126 1786 1160 Ulrious
1802 1124 1848 1158 de
1865 1124 2022 1158 ehrems

665 1180 811 1213 ibidem
843 1180 921 1223 pbr.
947 1183 985 1213 et
1014 1180 1080 1212 cfr.
1103 1191 1134 1212 n.
1184 1179 1377 1212 Iohannes
1405 1179 1578 1221 Cbrayer
1605 1177 1784 1221 subdyao.
1809 1176 1955 1209 ibidem
1983 1178 2024 1210 ot

665 1233 731 1264 ofr.
749 1243 779 1264 n.
826 1231 1002 1265 Urbanus
1026 1232 1072 1265 de
1094 1231 1374 1275 Herczoburga
1397 1231 1475 1274 pbr.
1496 1233 1534 1263 et
1557 1230 1622 1263 cfr.
1638 1241 1668 1263 ιι.
1714 1229 1919 1262 Udalrious
1941 1227 2021 1271 pbr.

665 1284 711 1317 de
729 1283 770 1316 S⁰
783 1284 948 1326 Andrea,
965 1284 1031 1317 cfr.
1043 1283 1086 1327 n.]
1124 1284 1285 1316 Iohannes
1301 1283 1504 1317 Secoviensis
1520 1282 1590 1325 pbr.
1603 1281 1707 1314 dietus
1723 1281 1906 1321 Smuozaer,
1921 1280 1978 1312 cfr.
1991 1290 2023 1312 ιι.

666 1336 830 1368 Iohannes
853 1335 1002 1369 Gebhart
1025 1335 1066 1370 de
1090 1335 1212 1368 Subem
1235 1335 1305 1378 pbr.
1323 1338 1357 1368 et
1378 1335 1435 1368 cfr.
1451 1346 1482 1367 n.
1527 1333 1697 1367 Elizabetb
1714 1332 1875 1366 Eizalerin
1898 1331 1940 1364 de
1963 1330 2022 1364 Se-

665 1389 759 1421 covia
782 1399 907 1421 consor.
924 1399 955 1420 n.
1000 1387 1219 1421 christoforus
1248 1387 1290 1420 de
1314 1387 1428 1420 Awsse
1456 1386 1526 1429 pbr.
1547 1388 1582 1419 et
1608 1386 1664 1418 ofr.
1683 1396 1714 1418 ιι.
1759 1384 1801 1416 D.
1817 1383 1958 1429 Michael
1980 1382 2023 1416 de

664 1439 733 1472 Rar
756 1440 826 1482 pbr.
844 1444 878 1472 et
901 1440 958 1472 cfr.
975 1451 1005 1472 n.
1051 1445 1086 1472 D.
1102 1445 1243 1472 lohannes
1256 1442 1426 1472 Marehkart
1447 1443 1483 1471 de
1498 1443 1644 1470 Mauttern
1667 1441 1730 1477 pbr.
1746 1443 1777 1469 et
1792 1441 1842 1468 cfr.
1858 1449 1888 1470 ιι.
1905 1449 1930 1468 a.
1947 1437 2023 1468 1505.

670 1491 808 1518 Iohannes
827 1500 868 1518 cv.
882 1491 917 1519 de
936 1491 1136 1523 Thuernstain,
1155 1491 1204 1519 est.
1217 1500 1245 1518 ιι.

353 1539 396 1568 17.
444 1539 518 1566 XVI.
532 1539 589 1566 kal.
617 1535 729 1578 Hugo
753 1535 832 1577 pbr.
850 1534 895 1567 de
913 1535 1139 1575 Hostteten,
1163 1535 1230 1567 cfr.
1246 1546 1277 1567 n.
1321 1533 1544 1578 [Pilgrimus
1565 1532 1644 1575 pbr.
1662 1531 1763 1575 (et)·)
1784 1531 1827 1563 fr.
1845 1541 1875 1562 n.
1917 1529 2023 1562 Diet-

666 1597 793 1619 marus
822 1586 900 1629 pbr.
923 1586 959 1619 8¹
979 1586 1168 1627 Floriani,
1199 1586 1264 1619 cfr.
1285 1597 1315 1618 n.
1366 1584 1534 1618 Miehaei
1556 1584 1635 1627 pbr.
1659 1586 1697 1616 et
1719 1593 1796 1616 can.
1820 1582 1866 1614 de
1889 1581 2024 1622 Varnu,

666 1639 734 1671 cfr.
753 1650 783 1671 n.
822 1639 1017 1671 Iohannes
1041 1649 1092 1671 ov.
1110 1639 1155 1671 de
1173 1638 1315 1682 Campo
1331 1638 1517 1678 liliorum,
1541 1637 1605 1669 cfr.
1624 1647 1654 1668 n.
1692 1635 1884 1668 Iohannes
1900 1633 2026 1666 dietus

666 1691 912 1733 Paeehinger
935 1690 982 1722 de
1003 1690 1382 1732 Berchtersgadmen
1406 1689 1487 1732 pbr.
1504 1692 1542 1721 et
1565 1689 1631 1720 cfr.
1648 1687 1692 1730 n.]
1729 1686 1903 1719 Heinrious
1924 1696 1966 1718 m.
1983 1684 2026 1718 de

668 1742 706 1774 S·
729 1742 844 1784 Cruce,
873 1742 944 1784 pbr.
962 1745 995 1775 et
1018 1742 1074 1774 cfr.
1091 1753 1122 1774 ιι.
1168 1742 1383 1774 Leonhardus
1405 1752 1448 1774 m.
1470 1741 1510 1773 de
1534 1741 1753 1783 Tegernmee,
1776 1738 1847 1781 pbr.
1864 1740 1899 1770 ot
1920 1737 1977 1770 oft.
1993 1747 2025 1769 ιι.

668 1794 831 1826 Iohannes
855 1793 1098 1836 Sibenbuerger
1127 1794 1168 1825 de
1191 1793 1392 1836 Neunburga
1419 1792 1490 1835 pbr.
1514 1795 1548 1825 et
1575 1792 1631 1824 cfr.
1653 1802 1683 1824 n.
1727 1790 1769 1823 D.
1785 1789 1960 1822 Mauricius
1981 1798 2024 1821 m.

666 1846 761 1878 monii
784 1847 816 1878 in
840 1845 1095 1888 Seyttensteten‚
1119 1845 1190 1887 pbr.
1207 1848 1241 1878 et
1263 1845 1320 1877 cfr.
1337 1855 1367 1877 ιι.
1413 1845 1552 1877 Ioannes
1574 1854 1666 1886 ppos.
1682 1843 1715 1875 in
1731 1841 1978 1884 Reiohensperg
1987 1839 2026 1883 ⁴),

670 1898 741 1939 pbr.
759 1901 792 1930 et
815 1898 872 1930 cfr.
889 1909 920 1929 n.
967 1903 999 1929 D.
1015 1903 1128 1930 Marcus
1151 1902 1328 1936 Luehaymer
1349 1901 1384 1929 de
1408 1901 1442 1928 S⁰
1458 1900 1591 1928 Floriano
1614 1899 1677 1935 pbr.
1695 1900 1725 1927 et
1747 1899 1798 1926 cfr.
1814 1907 1844 1926 ιι.
1889 1897 2028 1926 Melchior

669 1949 762 1976 dictus
790 1949 917 1977 Hofmair
943 1949 978 1976 de
1006 1949 1163 1984 'regernsee
1191 1948 1251 1983 pbr.
1270 1950 1300 1976 et
1325 1948 1374 1976 cfr.
1393 1957 1420 1976 n.
1465 1947 1569 1975 Paulus
1596 1947 1658 1981 pbr.
1677 1944 1901 1977 Scottinioenfis,
1929 1944 1978 1971 cfr.
1998 1952 2027 1971 ιι.

672 1992 704 2019 D.
718 1992 822 2019 Paulus
840 1992 902 2027 pbr.
915 1991 1106 2024 Codbieensis,
1125 1991 1173 2019 cfr.
1187 2001 1213 2018 ιι.

356 2039 398 2067 18.
455 2040 586 2068 XV.kal.
619 2035 949 2078 ¹)Engelbertus5)
982 2039 1019 2068 et
1049 2034 1319 2077 Perngerus⁰)‚
1354 2034 1414 2076 epi
1441 2033 1590 2074 Patara,
1627 2032 1854 2065 fundatores
1882 2029 1927 2071 ni,
1960 2029 2028 2072 qui

669 2087 863 2120 dederunt
894 2087 1007 2119 nobis
1038 2087 1243 2127 ecclesias,
1278 2085 1478 2128 oappellas
1508 2083 1904 2123 Peihaimschirchen,
1939 2081 2028 2114 dein

670 2139 991 2182 Christophorum
1015 2150 1099 2171 cum
1122 2139 1281 2171 decimis
1303 2138 1382 2170 suis
1402 2140 1440 2169 et
1456 2137 1642 2169 decimam
1658 2138 1695 2169 in
1710 2135 1940 2176 Maeuslioh‚
1963 2134 2027 2166 ob-

668 2191 843 2223 tulerunt
864 2191 909 2223 de
926 2190 1191 2223 Geroltzstorf
1208 2192 1253 2222 60
1269 2193 1289 2226 ο)
1331 2188 1571 2232 [Chunradus
1589 2188 1668 2231 pbr.
1685 2191 1724 2221 et
1739 2198 1782 2220 m.
1798 2187 1844 2220 de
1859 2185 2028 2219 Medlioo

670 2247 708 2275 et
725 2243 790 2275 cfr.
807 2241 849 2286 n.]
886 2243 927 2275 D.
945 2243 1063 2275 Petrus
1079 2242 1153 2274 abb.
1170 2242 1290 2274 Montis
1306 2246 1334 2273 s⁸
1350 2241 1464 2282 Mario,
1484 2240 1554 2283 pbr.
1573 2243 1606 2272 et
1622 2240 1678 2272 cfr.
1694 2251 1725 2272 n.
1763 2239 1804 2272 D.
1816 2239 1934 2271 Petrus
1950 2237 2028 2270 olim

670 2305 762 2336 ppos.
773 2295 805 2326 in
817 2294 951 2336 Roer⁷)‚
965 2294 1035 2336 pbr.
1047 2297 1080 2326 et
1093 2294 1148 2326 cfr.
1158 2305 1189 2325 n.
1215 2293 1378 2325 Iohannes
1390 2303 1438 2324 cv.
1449 2292 1490 2324 de
1501 2292 1720 2334 Tegernnsee,
1733 2291 1788 2323 cfr.
1798 2301 1828 2322 ιι.
1853 2289 1894 2322 D.
1904 2289 2029 2331 Caspar

670 2346 712 2378 de
734 2346 924 2388 Baumburg
942 2346 1013 2388 pbr.
1030 2349 1064 2377 et
1087 2346 1144 2378 cfr.
1161 2356 1191 2377 n.
1233 2350 1267 2376 D.
1280 2349 1419 2384 Georgius
1435 2349 1587 2376 Schmausz
1601 2348 1639 2384 de⁴
1652 2348 1831 2383 'regemnsee
1847 2347 1896 2374 cfr.
1908 2355 1936 2373 n.
1948 2344 2026 2373 1528.

360 2401 400 2429 19.
447 2401 522 2429 XIV.
535 2401 592 2428 kal.
620 2397 825 2440 Gerungus
854 2398 932 2440 pbr.
955 2401 992 2430 et
1019 2398 1061 2430 fr.
1077 2409 1107 2429 n.
1156 2397 1411 2440 [Hermannus
1434 2397 1502 2428 civ.
1519 2395 1676 2436 Wienn.‚
1694 2395 1737 2437 ‘p.
1758 2394 1791 2426 d¹
1813 2394 1935 2435 Petri,
1966 2391 2028 2425 ob-

673 2450 769 2481 latio
800 2453 819 2481 4
842 2452 874 2491 β.
904 2453 923 2481 5
946 2454 967 2487 ᾤ.
997 2450 1034 2481 in
1064 2448 1369 2491 Purgmanstorf.
1423 2447 1518 2490 Mag.
1541 2447 1731 2479 Iohannes
1761 2455 1835 2478 sac.
1861 2448 1900 2477 et
1929 2455 1972 2477 m.
1996 2445 2030 2476 in

469 2563 493 2596 ⁵)
515 2564 644 2589 Gedrudis
662 2563 718 2589 cod.
824 2562 849 2595 b)
869 2563 983 2596 Sequens
1007 2571 1100 2588 nomen
1123 2571 1204 2595 supra
1227 2563 1311 2587 locum
1328 2569 1418 2587 rasum
1435 2561 1568 2593 scriptum.
1672 2557 1696 2591 θ)
1715 2558 1828 2591 Gom-131³
1847 2557 2029 2591 Wolfgangus.

362 2605 387 2638 d)
408 2606 522 2639 Corriq..·
540 2607 717 2640 Nswnburga.
823 2606 846 2638 Θ)
866 2605 952 2639 Super
970 2606 1026 2632 loco
1044 2614 1105 2631 raro
1123 2605 1255 2637 eeriptum.
1359 2602 1378 2636 f)
1396 2603 1467 2629 Nota
1485 2602 1641 2636 sequentium
1659 2602 1771 2627 duorum
1787 2601 1921 2627 nominum
1937 2608 2028 2626 moro-

361 2650 444 2683 loyica
463 2650 552 2675 litteris
570 2650 658 2675 rubris
676 2649 780 2682 scripta.

471 2726 490 2757 ¹)
512 2725 658 2752 Matthaeus
682 2726 828 2752 Mermoser
852 2728 1027 2752 1422-1456.
1134 2725 1155 2758 ²)
1174 2724 1308 2750 Iohannes
1332 2723 1374 2750 II.
1398 2723 1496 2750 Praun
1520 2724 1694 2750 1432—1447.
1801 2721 1823 2754 ⁸)
1846 2718 1893 2747 oh.
1913 2727 1940 2746 a.
1957 2722 2029 2751 1295,

364 2767 411 2795 sed
429 2768 517 2802 April.
530 2771 564 2796 23
583 2769 648 2802 (24).
739 2768 760 2802 ⁴)
779 2768 916 2795 lohannes
937 2767 972 2800 L,
989 2767 1028 2794 ob.
1042 2776 1068 2794 α.
1082 2770 1157 2799 1493,
1173 2767 1231 2794 dies
1248 2767 1335 2794 olricus
1352 2774 1408 2794 mm
1427 2767 1538 2793 constat.
1626 2764 1646 2799 ⁶)
1667 2766 1840 2791 1045-1065.
1926 2763 1947 2796 ξ)
1968 2764 2031 2789 1013

365 2815 477 2838 -1045,
584 2813 606 2845 ⁷)
628 2812 728 2838 Petrus
745 2811 770 2838 I.
789 2811 868 2838 Fries
886 2814 1062 2838 1438-1455.
