2150 3178
335 175 444 204 LIBER
465 174 733 203 SEPULCRORUM
751 174 905 202 PATRUM
921 173 1099 201 MINORUM
1117 174 1166 200 AD
1184 173 1211 201 S.
1223 173 1371 201 CRUCEM
1389 173 1639 201 VINDOBONAE.
1755 175 1819 206 225

265 262 310 295 In
332 262 465 294 eodem
488 262 693 304 sepulchro
718 260 983 293 d2Katherina
1007 260 1053 293 de
1072 260 1351 302 Roetenmann,
1374 271 1433 293 ux.
1451 260 1484 292 (1ἰ
1499 259 1675 292 Hainrici
1698 260 1819 292 iunio-

162 315 231 356 ris,
254 314 310 346 ob.
329 315 439 355 1358,
461 313 562 345 XIX.
579 313 652 345 kal.
669 313 851 344 Ianuarii.

266 363 356 409 [⁸)In
372 365 505 398 eodem
522 364 726 407 sepulchro
743 364 773 396 (1.
785 364 994 396 Hainricus
1010 363 1055 395 de
1066 363 1264 405 Rappaeh‚
1282 363 1344 405 qui
1360 363 1433 395 fuit
1447 364 1608 395 maritus
1625 362 1662 394 d‘³
1676 363 1819 395 Kathe-

163 417 245 450 rine
269 416 314 450 de
337 416 615 459 Roetenmann,
640 417 704 459 qui
727 415 782 448 ob.
798 415 866 448 sub
889 426 918 448 a.
935 415 982 447 ab
1005 415 1278 447 incarnacione
1302 415 1337 446 di
1362 415 1498 456 1386.¹)

267 467 549 510 Sepulturamb)
580 467 613 500 d¹
635 467 819 500 Iohannis
848 467 893 499 de
915 467 1100 509 Rappach
1127 469 1165 499 et
1194 466 1228 498 di
1251 466 1406 499 Ottonis
1433 466 1509 498 filii
1536 466 1570 497 di
1594 465 1821 508 Ghuenonis,
1851 481 1864 501 ⁵

165 519 352 562 quondam
381 519 479 562 mag¹
505 522 670 561 monete,
703 522 740 551 et
769 518 808 551 (1ο
836 518 1055 561 Margarete
1082 518 1319 551 Redlerinne
1350 522 1386 550 et
1415 518 1454 549 de
1481 517 1746 560 Chunigundis
1775 517 1820 550 de

121 575 125 577 ⁴
163 572 269 604 curia
292 582 442 603 camere
465 571 639 603 invenies
661 571 697 603 in
721 571 798 603 fine
821 569 934 614 libri]

268 623 318 656 D·
333 623 454 656 Tueta
470 622 515 655 de
531 623 775 663 Losenhaim‚
791 622 846 655 ob.
862 622 969 654 XIII.
984 622 1092 664 kam)
1108 621 1302 662 Octobris,
1319 621 1374 653 ob.
1391 624 1499 662 1296,
1515 621 1580 653 ubi
1598 621 1736 652 littera
1752 619 1821 662 ΠΡ)

267 667 555 718 ⁰)Sepulo'hrum
579 674 612 706 d.i
634 673 836 716 Hainr(ici)
860 674 905 706 de
928 673 1208 715 Greisenstain,
1237 673 1291 705 ob.
1309 673 1379 705 III.
1395 673 1509 715 non.³)
1530 672 1726 713 Octobris,
1756 671 1821 703 ubi

164 727 298 759 littera
319 728 385 768 X0)
421 730 458 758 et
481 726 520 758 (1θ
543 726 762 768 Margarete
786 725 833 758 de
857 725 1137 767 Greifenstain,
1161 725 1215 757 ob.
1232 724 1587 768 111.ka1.⁴)Marti.f)
1841 739 1867 758 ιο

741 957 992 1000 Sepulchrum
1010 957 1230 990 d¹Hainrici
1247 957 1292 990 de
1306 957 1630 999 Laewbenberch,
1647 957 1703 989 ob.
1720 959 1824 999 1301,

633 1010 692 1043 IV.
708 1009 755 1041 id.
773 1010 879 1051 Maii,
901 1009 965 1041 ubi
987 1009 1121 1042 littera
1143 1009 1212 1052 Y.⁰)

738 1426 944 1468 Sepultura
974 1426 1007 1458 di
1036 1426 1228 1459 Friderici
1257 1426 1302 1458 de
1332 1426 1608 1469 Magenpuech,
1642 1425 1697 1458 ob.
1717 1428 1822 1468 1307,

633 1477 674 1510 V.
691 1477 738 1510 id.
755 1477 1010 1520 Septembris,
1032 1478 1097 1510 ubi
1120 1478 1254 1511 littera
1276 1478 1340 1520 Z.⁰)

268 1709 418 1742 Ibidem
441 1710 481 1742 d·
506 1709 698 1742 Gedrudis
719 1721 778 1742 ux.
795 1721 875 1752 sua,
899 1710 956 1742 ob.
972 1710 1015 1742 X.
1031 1710 1105 1742 kal.
1121 1710 1296 1753 Augusti.
1842 1729 1866 1749 15

271 1762 303 1787 A.
317 1761 343 1788 d.
357 1761 426 1788 1338
443 1761 488 1788 ob.
501 1769 557 1788 rev.
569 1770 597 1796 p.
610 1761 643 1788 fr.
655 1760 793 1788 Martinus
811 1761 845 1788 de
864 1760 1003 1794 Chi-emsa,
1021 1761 1092 1788 min*
1110 1761 1230 1794 Austris,
1250 1761 1296 1788 hic
1315 1762 1442 1796 sepultus
1462 1764 1515 1789 etc.

270 1803 303 1831 A.
317 1804 343 1831 d.
357 1804 424 1831 1355
443 1804 487 1831 ob.
500 1812 557 1832 rev.
570 1813 598 1839 p.
610 1804 643 1831 fr.
657 1803 776 1831 Sisi-idus
794 1804 828 1831 de
840 1804 1013 1839 Velenpach,
1031 1805 1102 1831 mint
1120 1804 1240 1837 Austrie,
1260 1805 1387 1839 sepultus
1405 1804 1434 1831 in
1455 1805 1565 1840 capella
1584 1805 1604 1831 si
1617 1805 1750 1833 Anthoni.

270 1848 302 1873 A.
315 1847 340 1874 d.
356 1847 431 1880 1530,
449 1848 491 1874 28.
505 1847 607 1875 mensis
620 1848 741 1883 Augusti
760 1848 804 1875 ob.
819 1853 918 1875 revm¹¹³
935 1857 963 1882 p.
977 1849 1006 1875 et
1024 1848 1050 1875 d.
1064 1847 1232 1875 Teodericus
1244 1848 1364 1881 Kanner,
1384 1848 1420 1875 ad
1438 1848 1549 1882 aliquot
1567 1857 1653 1875 annos
1672 1857 1730 1882 eps.
1744 1848 1822 1876 Nove

121 1909 124 1912 -
166 1889 300 1917 Civitatis
309 1891 329 1924 ⁸)
347 1892 376 1918 et
393 1899 445 1925 per
464 1890 639 1925 provinciam
651 1890 763 1918 Austris
781 1893 867 1925 atque
880 1891 1004 1919 Moravie
1022 1891 1205 1926 provincialis
1223 1891 1300 1924 mim,
1321 1893 1349 1918 et
1367 1891 1396 1918 in
1414 1891 1467 1918 hoc
1486 1891 1577 1918 officio
1595 1891 1668 1918 rexit
1680 1892 1714 1918 25
1726 1900 1822 1919 annos.

270 1933 417 1966 Ibidem
441 1935 483 1966 fr.
500 1934 707 1967 Hainricus
730 1935 775 1967 de
797 1934 1024 1977 Ratispona‚
1056 1935 1243 1977 quondam
1266 1934 1500 1977 gard(ianus)
1530 1935 1619 1976 loci,
1651 1935 1706 1967 ob.
1727 1937 1821 1967 1349
1841 1947 1867 1968 20

166 1985 204 2016 in
234 1983 332 2017 festo
362 1985 393 2018 b.
413 1986 620 2018 Francisci.
671 1986 714 2018 In
743 1987 877 2018 eodem
905 1987 1109 2028 sepulchro
1139 1986 1180 2018 fr.
1197 1986 1360 2018 Iacobus
1387 1986 1432 2035 de
1454 1987 1602 2028 Lintza,
1632 1987 1756 2019 lector
1785 1990 1822 2019 et

168 2036 366 2068 confessor
388 2037 423 2069 (1ὶ
447 2037 554 2069 ducis
576 2037 776 2080 Alberti⁶)‚
798 2037 849 2080 pi·
870 2038 913 2070 n¹.

271 2088 303 2114 A.
317 2088 343 2115 d.
358 2089 423 2116 1507
436 2089 480 2116 ob.
493 2097 549 2116 rev.
563 2097 591 2123 p.
604 2089 636 2115 fr.
646 2088 834 2124 Wolfgangus
846 2089 989 2120 Puechler,
1008 2097 1086 2116 sacre
1104 2088 1248 2124 theologie
1266 2090 1356 2116 lector
1373 2089 1494 2117 famosus
1511 2092 1540 2117 et
1553 2089 1697 2124 provincie
1711 2089 1822 2117 Austrie

169 2130 239 2157 mint
257 2130 328 2158 bene
345 2131 469 2164 meritus,
487 2131 535 2159 hic
553 2131 581 2158 in
600 2132 711 2166 capella
729 2138 757 2158 su
769 2131 922 2159 Katherine
940 2132 1067 2166 sepultus
1085 2141 1172 2167 prope
1190 2138 1295 2167 magum
1312 2132 1426 2160 Petrum
1439 2133 1560 2166 Comam,
1579 2133 1621 2160 23.
1635 2132 1759 2160 Ianuarii
1777 2133 1821 2160 ob.

270 2175 300 2201 A.
314 2174 340 2200 d.
354 2174 453 2208 14018)
471 2175 513 2201 14.
531 2174 576 2202 die
594 2174 694 2202 Marcii
717 2175 761 2202 ob.
778 2183 834 2202 rev,
851 2184 879 2210 p.
898 2175 931 2202 fr.
948 2175 1043 2202 Simon
1067 2175 1102 2202 de
1120 2175 1255 2207 Wienna,
1282 2175 1350 2202 olim
1371 2175 1514 2210 provincie
1535 2176 1645 2203 Austrie
1668 2175 1746 2209 mim,
1772 2176 1821 2210 qui
1840 2186 1865 2206 25

165 2217 257 2244 multa
282 2217 354 2244 bona
377 2217 447 2245 fecit
470 2227 521 2252 pro
547 2220 685 2245 conventu
709 2217 738 2244 in
757 2217 950 2245 oblacionibus
969 2219 1193 2245 ornamentorum
1218 2220 1247 2246 et
1271 2218 1396 2246 maxima
1413 2219 1615 2251 monstrancia,
1640 2219 1822 2247 infirmariam

168 2259 258 2287 eciam
277 2269 327 2294 pro
345 2259 461 2287 infirmis
480 2260 620 2295 disposuit
638 2269 671 2288 ac
690 2260 748 2288 alis.
766 2261 849 2295 plura
866 2261 940 2288 bona
957 2261 1032 2294 fecit,
1051 2261 1178 2296 sepultus
1197 2262 1226 2288 in
1246 2262 1357 2297 capella
1375 2267 1402 2288 s⁰
1415 2262 1578 2290 Katherine.

269 2303 301 2330 A.
315 2303 341 2330 (1.
354 2303 421 2330 1431
440 2304 484 2331 ob.
497 2312 554 2331 rev.
566 2313 594 2338 p.
606 2304 639 2331 fr.
653 2304 770 2331 Iacobus
788 2304 821 2331 de
840 2303 944 2336 clusis,
969 2304 1039 2331 mint
1057 2304 1182 2338 Austris,
1206 2305 1333 2339 sepultus
1352 2305 1381 2332 in
1403 2306 1515 2340 capella
1533 2311 1560 2332 s⁰
1581 2305 1735 2333 Katherine
1754 2306 1821 2333 ante

168 2346 259 2374 altare
277 2347 304 2374 b.
317 2346 450 2375 Barbare.
487 2347 574 2375 Vivat
591 2347 680 2382 igitur
697 2348 784 2382 deo.¹²)

269 2389 306 2417 Et
328 2391 395 2417 ante
420 2390 505 2418 istum
529 2391 584 2418 fuit
610 2391 724 2425 quidam
748 2400 804 2418 rev.
820 2400 860 2426 p.‚
884 2391 1018 2418 videlic-et
1039 2391 1071 2418 fr.
1085 2391 1222 2418 Iohannes
1246 2391 1280 2419 de
1299 2391 1413 2419 Merano
1431 2391 1508 2424 mint,
1532 2391 1580 2426 qui
1599 2391 1681 2426 plura
1699 2391 1773 2418 bona
1790 2391 1821 2418 in
1840 2401 1866 2420 30

167 2432 314 2466 provincia
331 2433 411 2466 fecit,
438 2435 539 2468 utpote
557 2433 587 2460 in
605 2434 800 2462 monstranciis
819 2436 848 2462 et
866 2434 1036 2462 ornamentis
1054 2434 1247 2466 nobilissimis,
1272 2434 1356 2462 sicuti
1375 2435 1452 2462 clara
1469 2435 1532 2462 luce
1550 2436 1580 2462 et
1597 2434 1680 2461 modo
1699 2434 1822 2461 cernitur

167 2474 197 2501 in
214 2475 341 2509 Memno,
368 2477 492 2504 Botzano
515 2478 545 2504 et
567 2477 640 2511 hini)
659 2477 791 2511 Wienne,
815 2478 864 2505 sed
886 2478 953 2512 quia
971 2486 989 2505 a
1007 2477 1174 2512 quibusdam
1193 2479 1323 2512 vexatus,
1347 2480 1381 2505 ut
1398 2478 1442 2511 fit,
1467 2478 1591 2505 ordinem
1611 2477 1720 2505 dimisit
1738 2479 1767 2505 et
1785 2477 1821 2504 ad

168 2518 359 2547 cartusienses
377 2529 406 2547 se
424 2520 533 2555 recepit
551 2520 581 2548 in
600 2521 684 2548 Seicz.

270 2610 295 2645 ⁸)
313 2611 451 2639 Praecedit
467 2613 566 2646 {mique
580 2614 733 2646 gentilitium
745 2623 778 2635 =
790 2614 849 2647 Rq.
862 2616 903 2640 96.
983 2613 1008 2645 b)
1027 2613 1101 2639 Haec
1117 2617 1181 2638 ποια
1198 2614 1283 2638 colore
1300 2613 1380 2638 rubro
1398 2613 1503 2645 scripta.
1583 2612 1605 2644 ο)
1624 2612 1724 2637 Littera
1736 2612 1821 2638 colore

167 2655 285 2680 caeruleo
298 2655 426 2682 dictincta.
496 2655 522 2690 d)
536 2656 641 2690 Imiym
650 2657 803 2690 gentilitium
815 2658 873 2683 huic
884 2662 959 2683 notae
967 2658 1114 2690 praefixum
1126 2660 1249 2682 resectum
1261 2660 1303 2682 est.
1375 2655 1397 2688 e)
1414 2656 1514 2681 Littera
1526 2656 1610 2681 colore
1624 2656 1704 2681 rubro
1716 2656 1820 2688 scripta.
1839 2663 1864 2684 35

166 2695 188 2729 f)
207 2696 269 2724 God.
350 2699 376 2731 8)
395 2699 481 2732 Super
493 2699 564 2726 linea
575 2700 708 2733 scriptum:
729 2702 803 2727 1398.
883 2699 911 2734 h)
930 2700 1051 2733 Sequitur
1068 2700 1169 2733 signum
1188 2700 1278 2725 crucis.
1360 2698 1378 2731 i)
1397 2699 1439 2725 hic
1455 2707 1532 2732 super
1547 2699 1602 2724 loco
1614 2707 1675 2724 raso
1689 2699 1820 2731 scriptum.

272 2755 293 2790 ¹)
313 2756 380 2783 1385
392 2764 477 2790 supra
489 2765 516 2790 p.
527 2759 580 2784 168
591 2757 653 2784 Iwn.
664 2761 706 2792 14,
725 2758 759 2791 cf.
767 2765 798 2792 p.
810 2761 866 2785 201.
942 2759 963 2790 ²)
981 2757 1056 2785 VIII.
1067 2758 1124 2785 kal.
1133 2766 1161 2792 p.
1173 2761 1227 2791 187,
1247 2758 1282 2790 cf.
1291 2766 1322 2792 p.
1332 2761 1391 2792 201,
1407 2757 1453 2784 ubi
1465 2766 1490 2785 α.
1502 2758 1578 2784 1286.
1656 2758 1676 2791 ⁸)
1695 2757 1743 2785 IV.
1755 2766 1821 2785 non.

164 2807 193 2834 p.
206 2802 262 2827 201.
322 2798 324 2800 ’
367 2801 388 2834 ⁴)
404 2800 455 2827 111.
467 2809 531 2828 non.
541 2808 570 2835 p.
584 2804 641 2828 201.
746 2802 768 2835 ι)
787 2804 962 2829 1516—1530.
1068 2802 1089 2835 ⁸)
1109 2800 1151 2836 σγ.
1160 2809 1190 2835 p.
1202 2804 1260 2828 201.

269 2850 356 2879 Nncn.
368 2850 475 2879 Pmsv.
1579 2852 1613 2878 29
