2150 3178
555 179 820 208 NECROLOGIUM
838 178 1028 207 CANONIAE
1046 179 1096 206 AD
1114 179 1139 207 S.
1152 178 1404 206 HIPPOLYTUM.
1745 181 1806 212 533

461 267 643 308 Meglinger
667 266 706 298 de
723 266 906 308 Newburga
924 266 1096 298 Olaustrali
1116 265 1171 297 cfr.
1187 277 1217 297 n.
1257 265 1461 298 Cristofferus
1478 276 1524 297 cv.
1542 265 1582 297 de
1599 265 1807 308 Neunburga,

461 318 517 350 cfr.
532 329 561 349 n.
601 317 742 349 Thomas
765 317 886 349 ibidem
909 328 956 349 cv.
974 321 1007 349 et
1030 318 1085 349 cfr.
1101 328 1130 348 n.
1170 316 1330 359 Georgius
1354 317 1395 349 de
1412 317 1522 349 Suben
1543 316 1613 358 pbr.
1632 320 1664 349 et
1680 317 1735 349 cfr.
1749 317 1807 358 n.·)

460 370 600 401 Ioannes
624 379 688 400 sac.
707 372 740 400 et
762 379 804 400 m.
821 369 862 401 de
887 368 1046 401 Gottwico
1070 372 1103 401 et
1126 369 1181 400 cfr.
1199 379 1228 400 n.
1274 374 1307 401 D.
1319 373 1459 400 Martinus
1476 373 1571 400 senior
1586 374 1621 400 de
1637 373 1809 408 Neunburga

461 420 522 454 pbr.
537 421 566 447 et
586 419 634 447 cfr.
646 429 674 446 n.

152 468 194 495 18.
253 468 312 496 XV.
325 468 381 495 kal.
411 463 657 507 [Urschalcus
673 462 772 504 pleb.
786 463 831 494 de
843 463 1166 505 Wilhalmspurga
1184 467 1221 494 et
1237 463 1384 494 oblatio
1403 463 1437 503 ’βα
1452 463 1526 502 tal„
1544 462 1608 494 cfr.
1622 474 1652 494 n.
1688 463 1807 495 Chun-

460 515 576 547 radus
598 515 677 556 pbr.
700 514 866 546 ecclesie
882 514 1120 546 Varawensis
1145 518 1181 545 et
1205 514 1268 546 cfr.
1285 525 1315 546 n.
1363 514 1546 545 Nicolaus
1569 513 1646 555 pbr.
1670 517 1706 545 et
1730 514 1806 546 dec·

459 568 496 598 in
511 566 771 606 VValthausen,
795 565 860 597 cfr.
875 564 918 607 n.]
963 565 1124 597 Iohannes
1147 566 1235 607 prior
1257 565 1298 596 de
1321 564 1531 606 Altenburch,
1555 564 1623 606 pbr.
1641 568 1674 597 et
1696 566 1753 596 cfr.
1769 577 1800 596 n.

457 619 618 650 Iohannes
635 617 716 660 prof.
733 618 764 649 in
781 617 1070 657 Ohremsmun‘ster,
1095 617 1150 649 cfr.
1167 628 1197 648 n.
1236 617 1288 648 Fr.
1307 616 1546 648 Gholomannus
1564 626 1611 648 ao.
1630 616 1670 648 de
1686 616 1806 648 Newn-

458 671 572 712 burga,
596 669 652 702 cfr.
668 681 699 701 n.
743 669 963 710 wolfgangus
986 668 1140 710 Gleysser
1164 679 1206 700 111.
1226 668 1266 700 de
1291 667 1529 710 Seytensteten,
1554 668 1623 709 pbr.
1646 671 1679 700 et
1702 668 1758 700 cfr.
1775 679 1806 699 n.

458 721 675 763 Wolfgangus
694 720 919 761 Schellingner
940 719 1027 761 pleb.
1044 721 1075 751 in
1092 720 1250 761 Chappel,
1274 719 1344 762 pbr.
1362 723 1395 751 et
1417 719 1473 751 cfr.
1490 731 1520 751 n.
1568 718 1808 751 Cholomannus

458 773 532 805 abb.
550 772 591 804 de
614 772 737 804 Zwetel
749 772 784 813 ¹),
809 771 879 813 pbr.
897 774 929 803 et
952 771 1008 802 cfr.
1025 782 1054 802 n.
1101 771 1243 802 Thomas
1266 782 1307 802 m.
1325 771 1365 803 de
1382 771 1712 813 Paugartenperigb)‚
1737 770 1806 812 pbr.

460 827 493 856 et
520 823 575 856 cfr.
597 835 628 855 n.
675 823 881 855 Oristofforus
909 833 950 854 ex
973 822 1258 854 Krembsmunster
1281 822 1350 864 pbr.
1373 825 1406 854 et
1429 823 1484 854 cfr.
1502 834 1531 854 n.
1577 822 1808 868 Dernnhardus

460 875 501 907 de
525 875 681 907 Seoeovia
704 874 858 916 subdyac.
876 877 909 906 et
932 874 987 906 cfr.
1002 885 1032 906 n.
1077 874 1311 916 Bolfgangusc)
1337 874 1377 906 de
1397 874 1712 916 chremsmuesterb)
1737 874 1807 915 pbr.

460 930 493 958 et
513 927 568 958 cfr.
585 938 615 958 n.
662 926 772 958 Simon
789 926 830 958 de
847 926 993 958 Gotwico
1010 925 1080 967 pbr.
1098 928 1131 957 et
1147 925 1203 957 cfr.
1220 937 1250 956 n.
1290 925 1417 957 Ibidem
1434 926 1620 967 Margareta
1636 935 1759 957 consor.
1777 935 1807 956 n.

458 978 648 1010 Leonardus
678 978 719 1010 de
742 978 1027 1010 Krembsmunster
1056 977 1124 1019 pbr.
1144 980 1178 1008 et
1207 977 1263 1008 ofr.
1284 989 1314 1008 n.
1361 977 1471 1009 Simon
1494 977 1573 1009 Ratt
1603 977 1643 1008 de
1665 977 1807 1008 Wienne

458 1033 491 1062 et
513 1030 551 1062 fr.
568 1041 598 1061 n.
643 1029 798 1061 Nicolaus
820 1029 1004 1071 Peyttlerd)
1028 1029 1049 1060 l.
1070 1031 1103 1060 et
1125 1028 1181 1060 cfr.
1198 1039 1228 1059 n.
1249 1031 1340 1060 1473.
1387 1033 1539 1068 Gregorius
1558 1033 1671 1060 Vileher
1693 1033 1728 1060 de
1751 1033 1808 1060 Βοι-

461 1081 521 1115 pbr.
536 1083 564 1108 et
583 1081 630 1107 cfr.
645 1090 670 1107 n.

150 1129 192 1157 19.
237 1128 310 1155 XIV.
323 1128 379 1156 kal.
409 1124 572 1167 [Ulricus
603 1128 640 1156 et
666 1135 725 1155 ux.
748 1134 815 1155 sua
837 1123 1046 1165 Wilbirgis.
1097 1122 1247 1154 Ulricus
1276 1123 1354 1164 pbr.
1380 1123 1546 1155 ecclesie
1570 1123 1808 1154 Varawensis

457 1179 494 1208 et
517 1176 580 1208 cfr.
597 1187 627 1207 n.
673 1175 879 1207 Heinricus
903 1174 947 1206 de
971 1174 1165 1216 Zweltlae)
1189 1174 1266 1215 pbr.
1285 1177 1322 1205 et
1345 1174 1409 1205 cfr.
1428 1185 1457 1205 n.
1503 1173 1642 1216 Symon
1664 1173 1806 1206 ibidem

460 1227 536 1269 pbr.
561 1231 598 1259 et
621 1227 684 1259 cfr.
701 1238 731 1259 n.
784 1226 1006 1258 Chunradus
1035 1225 1211 1267 subdyac.
1237 1225 1282 1257 de
1307 1225 1349 1257 S*
1371 1225 1490 1257 Oruce
1514 1229 1550 1257 et
1573 1225 1638 1257 cfr.
1656 1236 1685 1257 n.
1732 1226 1805 1257 An-

458 1279 568 1311 dreas
592 1279 696 1320 prior
719 1278 764 1310 de
788 1278 1166 1319 Pawmgartenperg,
1197 1277 1275 1319 pbr.
1298 1280 1336 1309 et
1363 1277 1427 1308 cfr.
1450 1276 1493 1320 n.]
1543 1277 1583 1309 D.
1601 1277 1807 1319 Stepphanus

460 1330 563 1362 dictus
577 1330 702 1372 Eysner
717 1329 787 1372 pbr.
805 1333 838 1361 et
853 1329 890 1360 fr.
904 1340 935 1360 n.
955 1332 1046 1361 1435.
1086 1329 1240 1360 Nicolaus
1256 1328 1412 1360 Scheiber
1427 1339 1518 1370 ppos.
1535 1330 1568 1360 in
1584 1328 1761 1360 Novacella
1769 1328 1806 1370 ²),

458 1382 527 1423 pbr.
552 1386 585 1413 et
613 1382 669 1413 cfr.
690 1392 720 1412 n.
766 1381 882 1413 Petrus
907 1380 1061 1412 Goetsohl
1088 1380 1157 1421 pbr.
1179 1383 1212 1412 et
1240 1379 1295 1412 cfr.
1317 1391 1348 1412 n.
1373 1380 1413 1411 de
1438 1379 1557 1412 Suben.
1602 1385 1702 1412 Petrus
1725 1393 1806 1419 ppos.

459 1433 556 1459 domus
579 1433 601 1459 si
620 1432 744 1459 Floriani
754 1434 786 1466 ⁸),
811 1432 873 1466 pbr.
895 1433 923 1458 et
947 1432 995 1458 cfr.
1014 1441 1039 1458 n.
1084 1431 1113 1458 D.
1131 1431 1246 1458 Georius
1272 1431 1305 1458 de
1325 1431 1481 1465 Tegernsee
1506 1431 1579 1465 pbr.‚
1605 1440 1641 1457 m.
1660 1433 1688 1458 et
1711 1432 1758 1458 cfr.
1780 1441 1805 1457 n.

458 1475 490 1502 D.
504 1475 631 1502 Clemens
649 1475 683 1502 de
697 1475 890 1510 Hertzeburga
909 1474 969 1508 pbr.
983 1476 1011 1501 et
1030 1475 1078 1501 cfr.
1092 1483 1118 1501 n.
1156 1474 1187 1500 D.
1199 1474 1348 1508 Gregorius
1362 1474 1535 1501 Unklmmasl
1555 1475 1588 1501 de
1602 1474 1697 1501 Harnn
1706 1474 1725 1507 f)
1744 1475 1805 1508 pbr.

458 1521 487 1546 et
506 1518 537 1545 fr.
552 1527 577 1545 n.
592 1519 668 1545 1541.

148 1565 192 1593 20.
238 1565 312 1593 xm.
326 1565 382 1592 kal.
410 1562 531 1594 Tueta
560 1566 621 1593 cv*
644 1565 681 1594 et
703 1573 774 1593 sor.
795 1573 826 1593 n.
877 1561 1091 1593 Richardus
1120 1561 1196 1602 pbr.
1221 1564 1258 1593 et
1286 1561 1327 1593 fr.
1349 1572 1378 1593 n.
1431 1560 1630 1603 [Martinus
1656 1561 1734 1603 pbr.
1759 1561 1804 1593 de

458 1613 819 1655 Paungartenperg‚
850 1613 914 1644 cfr.
938 1624 968 1644 n.
1022 1612 1216 1654 Nycolaus
1247 1623 1319 1644 sao.
1343 1616 1380 1644 et
1406 1624 1448 1644 m.
1473 1613 1516 1645 de
1544 1613 1804 1654 Paungarten-

458 1666 581 1707 perig,
606 1665 669 1696 cfr.
687 1676 716 1696 n.
763 1665 988 1697 Chunradus
1007 1665 1131 1696 dictus
1148 1663 1247 1696 Goet
1269 1675 1321 1696 ao.
1339 1667 1376 1696 et
1399 1664 1439 1696 fr.
1458 1676 1486 1696 n.
1528 1665 1709 1697 Nicolaus
1732 1675 1803 1696 sac.

461 1720 497 1748 et
525 1727 566 1748 m.
591 1716 635 1748 de
658 1716 818 1757 Zwetel,
842 1716 905 1749 cfr.
923 1728 953 1748 n.
1005 1716 1228 1758 Hunricusb)
1253 1716 1330 1748 dec.
1354 1716 1683 1758 Salozpurgensis‚
1715 1716 1804 1758 pbr..

459 1768 522 1800 cfr.
538 1767 582 1811 n.]
621 1767 661 1799 D.
678 1767 850 1800 Udalricus
859 1767 888 1810 d)
905 1779 996 1810 ppos.
1014 1768 1055 1800 ad
1072 1768 1133 1800 Sum
1146 1768 1311 1800 Andream
1322 1768 1360 1810 ⁴),
1385 1768 1454 1810 pbr.
1472 1771 1504 1800 et
1521 1768 1576 1799 cfr.
1591 1779 1620 1799 n.
1659 1768 1805 1800 Barbara

456 1818 736 1850 Drosendarfferin
753 1822 891 1861 cognata
907 1820 1007 1861 ipsius
1024 1822 1057 1851 et
1073 1830 1196 1851 consor.
1210 1831 1240 1851 n.
1275 1819 1462 1861 Leopoldus
1474 1819 1642 1861 Weydner
1658 1822 1691 1851 et
1705 1819 1761 1851 cfr.
1774 1831 1804 1851 n.

458 1870 615 1902 Martinus
639 1870 781 1911 Toepler
805 1870 845 1902 de
870 1870 1008 1902 Secovia
1032 1870 1101 1912 pbr.
1119 1874 1152 1902 et
1176 1871 1232 1902 cfr.
1249 1883 1278 1902 n.
1323 1871 1376 1902 Fr.
1393 1871 1606 1902 Leonhardus
1629 1870 1670 1902 de
1691 1871 1804 1903 Chott-

458 1922 537 1953 wico
561 1922 630 1963 pbr.
648 1925 681 1953 et
704 1922 761 1955 cfr.
778 1933 807 1953 n.
854 1921 893 1953 D.
910 1922 1072 1954 Iohannes
1089 1922 1192 1954 dictus
1208 1922 1336 1954 Prustel
1361 1922 1402 1953 de
1419 1922 1455 1954 S⁰
1471 1922 1623 1954 Floriano
1647 1926 1680 1954 et
1701 1923 1756 1954 cfr.
1773 1934 1803 1955 n.

458 1972 587 2014 Kaspar
610 1983 700 2015 ppos.
718 1974 750 2004 in
766 1973 803 2005 S⁰
819 1973 971 2005 Floriano
983 1973 1021 2016 ⁵),
1044 1973 1113 2015 pbr.
1132 1977 1165 2005 et
1188 1974 1244 2005 cfr.
1261 1985 1290 2005 n.
1336 1973 1487 2005 Urbanus
1503 1973 1635 2005 Echker
1651 1974 1690 2005 de
1706 1974 1735 2006 N
1739 1985 1803 2006 ew-

457 2024 561 2065 burga
584 2024 758 2056 Claustrali
781 2025 850 2066 pbr.
868 2028 900 2056 et
923 2025 979 2057 cfr.
997 2036 1026 2056 n.
1073 2030 1106 2056 D.
1124 2029 1263 2056 Osbaldus
1279 2027 1459 2057 Startzceller
1481 2030 1515 2057 de
1535 2030 1567 2057 S⁰
1583 2029 1699 2057 Nicolao
1723 2032 1804 2058 extra

458 2074 550 2102 menia.
570 2075 630 2109 pbr.
644 2076 672 2102 et
692 2076 741 2101 cfr.
754 2085 780 2101 n.

148 2121 192 2148 21.
250 2121 310 2148 XII.
323 2121 380 2148 kal.
408 2117 507 2149 Ebro
531 2118 607 2160 pbr.
626 2121 663 2150 et
685 2118 726 2150 fr.
744 2129 774 2150 n.
817 2118 995 2151 Alhaidis
1018 2123 1079 2150 cva
1103 2122 1140 2150 et
1163 2129 1232 2150 sor.
1250 2130 1279 2150 n.
1318 2118 1556 2151 Hermannus
1580 2120 1621 2151 fr.
1638 2131 1668 2151 n.
1706 2119 1802 2152 Rue-

458 2169 586 2200 dolfus
616 2169 657 2200 fr.
681 2180 711 2200 n.
757 2169 987 2202 Walchunus
1017 2170 1096 2211 pbr.
1120 2173 1157 2201 et
1185 2170 1226 2201 fr.
1244 2181 1273 2201 n.
1326 2169 1518 2212 [Alhaidis
1542 2176 1603 2202 ov*
1626 2174 1663 2203 et
1685 2183 1755 2203 sor.
1772 2183 1802 2203 n.

458 2220 675 2262 Stephanus
699 2221 863 2253 ecclesie
887 2221 1100 2263 stycolay
1123 2232 1201 2253 ean.
1219 2224 1329 2253 extra
1351 2232 1477 2254 muros
1491 2222 1666 2264 Patavie,
1691 2224 1754 2255 cfr.
1772 2235 1802 2255 n.

456 2267 538 2304 D1io
562 2273 645 2304 novi
661 2272 707 2303 de
723 2272 869 2314 Varaw,
893 2273 982 2304 esre*
1004 2272 1047 2304 ni.
1086 2273 1311 2305 Chunradus
1327 2273 1578 2306 Hubmaister
1601 2274 1677 2316 pbr.
1689 2275 1801 2306 Vara-

458 2324 609 2365 wensis,
633 2324 698 2355 cfr.
716 2335 745 2355 n.
785 2323 1001 2366 Stephanus
1017 2324 1094 2366 pbr.
1113 2324 1157 2356 de
1174 2324 1313 2366 Campo
1330 2325 1522 2366 lyliorum‚
1546 2325 1609 2357 cfr.
1627 2337 1657 2357 n.
1696 2325 1801 2358 Frid-

456 2377 556 2407 ricus
587 2375 686 2417 pleb.
712 2376 749 2407 in
779 2375 1044 2407 Haizcendorf
1072 2375 1115 2408 de
1146 2376 1467 2418 Herczogwmga,
1502 2377 1580 2418 pbr.
1610 2379 1647 2408 et
1682 2377 1745 2408 cfr.
1771 2388 1801 2408 n.

455 2427 699 2459 Wolfhardus
722 2437 773 2458 cv.
791 2427 835 2459 de
860 2426 902 2459 S*
918 2427 1038 2459 Cruce
1061 2430 1098 2459 et
1121 2427 1185 2459 ofr.
1202 2426 1246 2470 n.]
1292 2427 1432 2459 Georius
1455 2428 1495 2460 de
1517 2427 1716 2460 Staeindorff
1731 2428 1801 2470 pbr.

424 2493 426 2496 v
456 2479 497 2510 de
515 2477 629 2510 Stencz
653 2481 686 2510 et
709 2478 765 2510 cfr.
782 2489 812 2510 n.
829 2482 862 2510 et
885 2478 922 2510 fr.
940 2478 1057 2510 Petrus
1081 2478 1122 2510 de
1138 2478 1278 2511 Medlico
1303 2479 1384 2511 diac.
1403 2483 1436 2511 et
1451 2479 1506 2511 ofr.
1524 2490 1553 2511 n.
1599 2479 1737 2511 Iacobus
1753 2490 1800 2512 ov.

250 2599 274 2631 ι)
294 2599 414 2632 Sequitur
425 2604 486 2625 nota
498 2609 584 2626 erasa.
674 2599 700 2632 b)
720 2600 764 2626 Sic
776 2600 832 2626 cod.
919 2598 942 2632 t²)
962 2600 1073 2633 Corriq.:
1091 2601 1274 2634 Wolfgangus.
1356 2600 1381 2634 d)
1401 2601 1522 2635 Sequitur
1535 2602 1605 2627 locus
1617 2610 1694 2627 rasus
1706 2602 1800 2627 minor.

147 2642 171 2674 θ)
192 2642 290 2675 Corriq.
297 2652 305 2668 ε
322 2643 425 2669 Zwetla.

529 2641 547 2675 f)
567 2644 679 2676 Corri9.:
698 2644 778 2669 Horu.

253 2719 273 2751 ¹)
299 2717 496 2744 cholomannus
518 2718 709 2752 Bauernfeind
731 2721 908 2746 1490—1495.
1017 2720 1039 2751 ²)
1061 2719 1195 2746 Nic-olaus
1216 2719 1277 2746 III.
1301 2723 1480 2747 1439-1449.
1586 2721 1606 2752 ³)
1629 2719 1727 2746 Petrus
1747 2720 1800 2753 IL,

145 2759 184 2787 ob.
202 2768 227 2787 α.
245 2763 326 2794 1483,
351 2760 408 2788 dies
432 2769 488 2788 non
512 2764 630 2788 constare
647 2761 760 2788 videtur.
866 2762 887 2794 ⁴)
911 2761 1020 2788 Ulricus
1038 2761 1081 2788 II.
1100 2762 1167 2789 Peck
1186 2766 1358 2790 1428-1446.
1465 2763 1485 2795 ⁶)
1504 2762 1618 2796 Kaspar
1636 2763 1676 2791 II.
1695 2763 1801 2790 Van-ster

147 2806 318 2830 1467-1481.
