2150 3178
310 199 373 234 584'
591 199 858 228 NECROLOGIUM
877 199 1175 228 FRATERNITATIS
1193 200 1220 229 S.
1232 200 1394 228 MARTINI
1412 200 1454 229 IN
1471 201 1698 230 IUDENBURG.

414 286 468 314 Pro
487 286 668 323 Sigismundo
689 287 794 322 Perger
811 286 846 315 de
859 287 1030 324 Wolfsperg.

414 330 468 358 Pro
487 330 631 358 Anthonio
650 330 862 366 Hymelberger.

414 374 468 401 Pro
487 374 520 401 d⁰
539 374 639 402 Georio
658 374 741 410 pleb⁰
759 373 797 401 ad
815 373 871 401 Sam
889 374 1010 402 Mariam
1028 382 1117 410 prope
1136 374 1247 402 Novum
1267 374 1376 402 Forum.

414 416 468 444 Pro
487 417 520 444 d⁰
538 417 662 445 Iohanne
680 417 835 452 Maemiger
852 416 926 453 kapo
944 422 976 444 ιιο
995 417 1192 445 fraternitatis.

415 460 469 487 Pro
487 460 520 487 d⁰
539 460 648 488 'I'homa
666 460 747 495 plebo
765 459 795 487 in
813 460 1000 488 Schuefflern.

415 503 468 531 Pro
487 503 520 530 d⁰
539 503 663 531 Iohanne
683 503 769 530 Lawn
787 502 852 530 milo
871 502 901 530 in
914 503 1082 539 Voytsperg.

415 546 469 574 Pro
488 546 628 574 Michaele
646 545 804 574 Muelhofer
822 545 883 574 cive
902 545 931 572 in
950 546 1118 582 Iudenburg.

414 589 469 616 Pro
486 589 627 618 Michaele
647 590 746 618 Moser.

415 633 468 660 Pro
487 633 520 660 d⁰
539 633 704 661 Leonhardo
723 633 881 661 Han-acher
898 633 972 661 mile.

415 676 468 704 Pro
489 677 624 704 Mauricio
638 676 773 704 Welczer.

415 720 469 747 Pro
487 720 612 747 Iohanne
631 719 743 754 Spyenz.

416 764 468 791 Pro
486 763 621 790 Hainrico
641 762 793 790 Muelbach
811 761 873 788 eive
892 761 921 788 in
940 761 1127 797 ludennburg.

416 807 469 834 Pro
487 806 519 834 d⁰
539 805 651 833 Simone
670 805 752 841 pleb⁰
770 805 800 832 in
820 805 984 840 Straegang.

416 850 469 877 Pro
487 850 519 877 d0
539 849 691 877 Wenczlao
710 849 792 884 plebo
812 848 841 875 in
861 848 1045 884 Piokelpaeh.

415 894 490 927 (Pro)
499 893 522 928 ι)
541 893 574 920 d⁰
593 893 766 928 Wolfgango
785 891 968 927 Englprecht.

415 937 492 971 (Pro)
500 937 524 970 Ι“)
543 936 644 964 Georio
662 935 871 963 Stoernechecz.

415 980 469 1007 Pro
487 979 519 1006 d0
539 979 694 1006 Wilbalmo
713 978 876 1006 Trabalder.

415 1023 468 1050 Pro
487 1023 519 1050 d0
539 1022 672 1049 Kunrado
691 1022 774 1057 plebe
793 1021 829 1048 ad
848 1021 904 1048 8⁸¹²
923 1020 1043 1048 Mariam
1062 1029 1150 1056 prope
1168 1021 1398 1049 Newnmarkcht.

416 1066 469 1093 Pro
489 1065 643 1093 Valentino
661 1064 823 1092 Gemreich.

414 1110 468 1136 Pro
488 1108 640 1136 Valentino
659 1108 739 1143 pleb⁰
758 1107 788 1134 in
808 1107 940 1135 Koflach.

416 1153 469 1180 Pro
488 1152 600 1180 Mathia
619 1151 722 1179 Bai-ter
739 1151 801 1179 cive
820 1151 849 1178 in
870 1151 1037 1185 Iudenburg.
1070 1163 1073 1165 ·

416 1196 469 1224 Pro
488 1195 616 1231 Ludbeig
630 1195 727 1229 Voytt.

415 1239 469 1266 Pro
487 1239 520 1266 «1⁰
540 1239 662 1266 Iohanne
681 1238 762 1273 plebe
782 1237 810 1264 in
830 1237 1016 1265 Reichenfele.

416 1282 470 1310 Pro
489 1282 521 1308 d⁰
541 1281 690 1309 Franciseo
708 1281 883 1316 Meychsner.

415 1326 468 1353 Pro
487 1326 519 1352 d⁰
540 1325 623 1353 Petro
642 1325 724 1360 pleb⁰
744 1325 773 1352 in
792 1324 940 1359 Lobming.

415 1369 468 1396 Pro
488 1369 653 1397 Leonhardo
673 1370 801 1404 Anngrer
819 1388 929 1396 .....
931 1369 957 1402 ¹³)
975 1368 1005 1395 in
1024 1368 1213 1404 Indenburgk.

416 1413 468 1440 Pro
488 1412 599 1439 Andrea
617 1412 710 1439 Galer.

414 1456 468 1482 Pro
487 1455 519 1482 d⁰
539 1455 646 1490 Caspar
665 1454 860 1482 Gleihentaler
879 1454 960 1489 plebo
977 1454 1014 1481 nd
1031 1453 1088 1481 8⁸¹¹*
1106 1454 1326 1490 Marguretham.

415 1499 468 1525 Pro
488 1498 612 1526 Iohanne
632 1497 770 1532 Katreyer
788 1497 851 1525 cive
870 1497 899 1524 in
918 1497 1089 1533 Iudenburg.

415 1543 468 1569 Pro
487 1542 519 1569 d0
536 1541 692 1569 Tristmmo
711 1540 775 1568 mile
793 1541 822 1568 in
841 1540 1051 1576 OE'ewffenpach.

414 1586 468 1613 Pro
487 1585 519 1612 d0
538 1585 706 1612 Kchunrado
726 1585 794 1619 pbro
813 1585 847 1612 de
867 1584 1015 1620 Ingeletat.

414 1629 468 1656 Pro
487 1629 519 1656 d0
537 1629 670 1663 Achacyo
689 1628 850 1663 Oebingner
869 1628 926 1655 vic⁰
949 1628 985 1655 ad
1003 1627 1062 1655 Sum
1081 1628 1194 1656 Petrum
1214 1637 1302 1663 prope
1321 1628 1506 1656 Reichenfels.

414 1672 468 1699 Pro
486 1680 566 1707 mag·
584 1672 691 1707 Caspai·
710 1671 918 1699 Lobenschroet
936 1671 1018 1706 plebo
1035 1671 1064 1698 in
1084 1671 1251 1707 Iudenburg.

414 1716 467 1742 Pro
485 1715 517 1742 d0
537 1715 692 1750 Panga-acio
711 1715 838 1750 Asanger
856 1721 925 1749 capo
942 1714 971 1742 in
991 1714 1191 1749 Reyffenetain.

415 1759 468 1786 Pro
487 1759 658 1794 Wolfgango
678 1758 794 1786 Roester
813 1758 875 1786 eive
894 1758 923 1785 in
943 1758 1111 1793 ludenburg.

414 1802 467 1829 Pro
486 1802 587 1830 Georio
607 1801 763 1829 Muelhofer
781 1801 844 1829 cive
863 1801 892 1828 in
911 1801 1079 1836 Iudenburg.

415 1846 466 1872 Pro
486 1846 518 1872 do
534 1845 677 1873 Friderico
697 1845 851 1880 Luegaeter
869 1843 941 1871 mile.
966 1879 968 1882 y

414 1889 468 1915 Pro
487 1889 518 1915 d0
535 1888 669 1924 Gregorio
688 1894 756 1922 cap‘·
773 1887 857 1921 (Sss)·)
877 1887 1034 1915 Trinitatis.

415 1932 468 1959 Pro
488 1932 578 1959 Adam
597 1941 643 1958 am
662 1931 768 1965 Poynn.

414 1975 468 2002 Pro
487 1975 519 2002 ὼ)
536 1974 628 2008 Goryo
649 1974 767 2008 Dyemer
785 1974 864 2008 plebo
882 1973 910 2000 in
931 1973 1018 2008 Lynd.

415 2019 468 2045 Pro
488 2018 612 2046 Iohanne
632 2017 858 2044 Phaffendorffer.

415 2062 468 2089 Pro
487 2062 518 2088 ds·
537 2061 619 2089 Petro
639 2061 720 2095 plebe
738 2060 767 2087 in
781 2060 964 2095 Wolsperg.⁰)

415 2105 468 2132 Pro
490 2105 570 2132 Petro
590 2104 730 2131 Khessler.

415 2149 468 2175 Pro
487 2148 520 2174 d0
537 2148 676 2175 Michaele
695 2147 816 2181 Kchopp
836 2146 916 2181 plebo
934 2146 964 2172 in
983 2146 1170 2174 Kehoeflaeh.

415 2191 468 2218 Pro
487 2191 519 2218 d⁰
537 2191 660 2217 Iohanne
679 2190 809 2224 Ramung
826 2189 900 2216 mile.

414 2235 467 2261 Pro
486 2234 518 2260 d⁰
535 2233 654 2261 Nicolno
674 2234 795 2260 Hofman
812 2233 878 2260 dec⁰
895 2233 924 2259 in
937 2233 1172 2261 Voelklmarkeht
1190 2242 1215 2260 a.
1231 2233 1280 2261 148
1291 2254 1297 2261 .
1309 2234 1342 2268 Ἀ)

414 2277 467 2304 Pro
486 2277 518 2303 d⁰
535 2277 650 2304 Matheo
668 2276 750 2311 pleb⁰
768 2276 796 2302 in
815 2275 960 2310 Lobming.

415 2320 469 2347 Pro
488 2320 601 2347 Andrea
614 2319 748 2346 Weltzer.

415 2363 469 2390 Pro
487 2363 605 2391 Ernesto
624 2363 796 2396 Pranngker.

416 2407 470 2434 Pro
489 2407 615 2433 Erhardo
633 2406 813 2433 Scherhaekl.

415 2451 468 2476 Pro
487 2449 638 2477 Laurentio
658 2449 784 2476 Flichser
802 2450 882 2484 plebo
899 2450 927 2477 in
947 2450 1083 2478 Leibnitz.

415 2493 468 2520 Pro
487 2492 660 2528 Wolfgango
679 2492 815 2526 Schreyer
833 2492 903 2526 cive,
922 2502 946 2520 a.
960 2493 1029 2520 1484
1047 2494 1090 2521 ob.
1105 2493 1135 2520 in
1155 2494 1323 2529 ludenburg.

416 2536 469 2562 Pro
489 2536 613 2562 Iohanne
632 2535 759 2562 Schnerii
777 2535 847 2568 eive,
866 2544 891 2563 a.
905 2535 975 2563 1484
992 2536 1036 2563 ob.
1050 2535 1080 2562 in
1099 2536 1266 2571 Iudenburg.

416 2579 469 2605 Pro
488 2578 613 2605 Achacio
631 2578 868 2606 Muetensdorffer.

415 2622 469 2648 Pro
488 2621 520 2648 d0
536 2620 679 2648 Friderieo
697 2621 814 2648 staeber
832 2621 914 2656 plebo
930 2621 959 2648 in
978 2621 1103 2649 Obdach.

416 2665 468 2692 Pro
487 2665 519 2691 do
537 2665 646 2691 Thoma
666 2665 788 2692 Herbart
806 2664 887 2699 plebe
904 2664 935 2691 in
948 2664 1204 2692 Weisseukirchen.

416 2794 439 2827 Ε)
465 2795 596 2827 διιμρίευῖ.
716 2794 740 2827 ¹¹)
765 2795 818 2820 Hic
845 2795 926 2828 officii
952 2799 1014 2820 nota
1040 2795 1210 2821 desideratur.
1330 2794 1352 2827 ⁰)
1373 2794 1443 2820 Nota
1468 2794 1599 2820 exstincta.
1716 2791 1741 2826 ει)
1763 2793 1893 2820 Numerus
1919 2801 1974 2824 zum

308 2838 385 2871 plene
404 2838 521 2870 scriptus.
715 2847 722 2852 ·
