2150 3178
181 1208 222 1236 10.

181 1779 223 1806 11.

182 2187 223 2213 12.

581 178 846 206 NECROLOGIUM
865 177 1055 205 CANONIAE
1074 177 1121 204 AD
1140 177 1166 205 S.
1179 177 1430 204 HIPPOLYTUM.
1767 182 1824 212 481

289 269 337 296 VI.
350 269 387 296 id.
436 264 678 297 Eberhardus
709 275 760 296 ev.
785 267 822 296 et
851 265 892 297 fr.
916 276 946 296 n.
998 264 1074 296 Oze
1105 274 1155 296 cv.
1183 266 1220 295 et
1248 263 1288 296 fr.
1311 275 1342 296 n.
1392 263 1544 295 Ulrieus
1572 265 1650 305 pbr.
1674 268 1711 297 et
1737 266 1778 298 fr.
1799 277 1830 298 n.

490 315 712 359 [Leutoldus
735 316 812 357 pbr.
830 317 996 348 ecclesie
1019 316 1046 347 s¹
1062 315 1233 348 Floriani
1258 319 1295 347 et
1318 315 1382 347 cfr.
1398 326 1428 346 n.
1473 315 1663 348 Iohannes
1679 316 1833 360 Geyger

490 367 536 399 de
560 367 672 399 Subm
695 367 772 409 pbr.
796 370 833 399 et
856 368 919 399 cfr.
942 378 973 399 n.
1018 367 1200 399 Albertus
1222 366 1482 399 Marsehalcus
1505 370 1542 399 et
1564 367 1751 409 Elyzabet
1772 379 1831 400 ux.

488 418 575 461 sua]
622 418 862 450 Oholomannus
885 419 988 450 dictus
1010 418 1152 460 Haymel
1176 418 1216 449 de
1234 418 1449 449 Walthausen
1472 428 1555 459 cam,
1585 419 1655 460 pbr.
1673 422 1706 451 et
1728 419 1783 451 cfr.
1801 431 1831 452 n.

488 470 648 502 Iohannes
670 470 881 502 Roerbacher
903 470 980 511 mil.9
1009 471 1064 512 qui
1086 475 1121 501 n⁰
1143 469 1243 501 moni⁰
1265 469 1366 501 multa
1388 469 1474 501 bona
1497 470 1584 510 feeit,
1611 473 1702 503 1470.
1754 471 1832 503 Sco-

488 521 601 553 lastica
616 532 670 553 ux.
683 532 749 553 sua.
785 521 940 553 Nicolaus
955 521 1187 553 Tauffkhirher
1203 521 1243 553 de
1260 520 1396 552 Patavia
1411 521 1480 562 pbr.
1495 524 1527 553 et
1543 521 1599 552 cfr.
1612 532 1642 553 n.
1679 522 1720 554 D.
1733 522 1832 555 Nico-

488 573 557 604 laus
570 572 797 605 Tauffkireher
812 575 904 605 extra
919 583 1027 604 muros
1039 573 1174 604 Patavie
1191 572 1259 614 pbr.
1274 575 1307 603 et
1322 572 1378 604 cfr.
1391 572 1450 614 n.⁸)
1479 572 1647 605 Dorothea
1660 573 1833 606 Stauderin

487 624 579 656 monii
601 624 624 655 31
643 624 755 656 Iaoobi
778 634 899 656 consor.
917 635 947 655 n.
986 629 1019 655 D.
1032 629 1155 656 Michael
1166 628 1317 663 Vaschang
1333 629 1367 656 de
1382 628 1599 664 Herczenburga
1614 629 1676 664 pbr.
1695 632 1724 657 et
1740 631 1788 658 cfr.
1802 640 1832 658 n.

489 675 650 709 Nicolaus1)
673 684 752 710 ppos.
771 675 800 702 in
820 674 1010 706 Diernnstain,
1037 675 1097 709 pbr.
1115 676 1144 702 et
1167 675 1215 702 cfr.
1232 684 1258 701 n.
1298 674 1330 701 D.
1345 674 1499 702 Pantaleon
1523 675 1555 702 de
1577 675 1749 711 Peyharting
1771 677 1832 711 pbr.

489 720 518 744 et
537 718 585 744 cfr.
598 727 623 744 n.

310 767 342 794 V.
355 768 392 795 id.
441 764 651 797 Erndrudis
668 770 728 797 cva
744 768 781 797 et
796 776 866 798 sor.
879 778 909 797 n.
947 767 1167 808 Leupoldus
1183 767 1260 808 pbr.
1278 770 1315 798 et
1330 768 1371 798 fr.
1384 779 1415 798 n.
1450 767 1834 810 HainricusYsperer

488 816 566 858 pbr.
589 817 635 848 de
659 816 907 849 Walthausen
937 820 975 849 et
1003 818 1067 849 cfr.
1088 829 1117 849 n.
1168 817 1399 860 [Fridericus
1425 818 1503 860 pbr.
1524 818 1774 852 Medlicensis
1798 824 1835 853 et

489 867 553 899 cfr.
569 879 599 900 n.
645 868 836 900 Iohannes
858 879 951 911 puer
974 869 1018 901 de
1039 869 1204 901 Medlico
1228 872 1264 901 et
1287 869 1351 901 cfr.
1368 881 1398 901 n.
1446 869 1695 902 Ohuenradus
1718 882 1770 904 cv.
1788 872 1833 904 de

490 918 629 962 Campo
658 920 840 961 liliorum,
871 920 934 952 cfr.
955 920 998 963 n.]
1047 920 1087 953 D.
1105 921 1266 952 Iohannes
1289 921 1462 953 Chremser
1491 921 1531 954 de
1555 921 1740 965 Newburga
1763 924 1832 965 pbr.

489 974 522 1002 et
545 972 600 1003 cfr.
617 982 647 1003 n.
692 971 918 1004 Bartolomeus
941 983 1032 1014 ppos.
1049 973 1081 1004 in
1104 972 1327 1015 Reichnsperg
1337 973 1375 1015 ²),
1405 974 1461 1005 cfr.
1478 985 1507 1005 n.
1552 974 1594 1006 D.
1611 973 1770 1017 Georgius
1793 976 1834 1008 de

489 1022 591 1055 Zwetl
618 1023 688 1064 pbr.
712 1026 745 1055 et
774 1023 829 1055 cfr.
846 1035 876 1055 n.
926 1023 979 1055 Fr.
996 1024 1192 1056 Benedictus
1221 1024 1262 1055 de
1286 1024 1432 1056 Gotwieo
1461 1028 1494 1057 et
1517 1026 1572 1057 cfr.
1589 1037 1618 1058 n.
1663 1032 1833 1059 Laurencius

488 1073 552 1100 abb.
566 1074 803 1109 Altenwurgensis
813 1076 843 1107 ³),
862 1075 910 1102 cfr.
923 1084 949 1101 n.
986 1075 1017 1102 D.
1032 1075 1183 1102 Mauricius
1201 1075 1235 1101 de
1249 1075 1409 1102 Diernstain
1428 1076 1498 1110 pbr.,
1517 1077 1565 1103 cfr.
1579 1087 1614 1109 n.‚
1634 1078 1709 1105 1526.
1746 1079 1778 1105 D.
1791 1079 1832 1105 Io-

489 1116 594 1143 hannes
613 1117 767 1144 Marichart
789 1117 857 1144 olim
879 1126 957 1152 ppos.
974 1119 1038 1151 n.⁴),
1066 1118 1115 1152 qui
1138 1118 1295 1152 resignavit
1318 1119 1489 1152 prelaturam
1513 1121 1620 1148 a.1530
1639 1121 1713 1148 circa
1731 1121 1834 1149 festum

489 1159 636 1187 Laurencii
656 1162 684 1187 et
704 1160 792 1188 vitam
810 1161 901 1188 finivit
919 1170 944 1188 a.
957 1161 1033 1194 1531,
1052 1162 1100 1194 qui
1119 1161 1206 1188 etiam
1225 1166 1258 1187 n⁰
1276 1162 1364 1188 monio
1381 1162 1472 1188 multa.
1491 1162 1564 1188 bona.
1582 1163 1650 1190 fecit
1668 1165 1721 1190 etc.

291 1209 339 1236 IV.
352 1209 389 1237 id.
437 1206 632 1239 Dietricus
655 1208 733 1250 pbr.
756 1212 793 1240 et
815 1209 856 1240 fr.
873 1220 903 1240 n.
949 1209 1178 1240 Wolframus
1202 1219 1253 1240 cv.
1271 1212 1309 1240 et
1331 1209 1372 1240 fr.
1388 1219 1418 1239 n.
1464 1209 1690 1242 Mehthildis
1714 1217 1774 1243 cva
1797 1215 1834 1243 et

490 1269 560 1290 sor.
577 1270 606 1291 n.
644 1259 839 1291 Dietricus
862 1260 908 1291 de
929 1260 1092 1292 Medlico
1117 1260 1194 1301 pbr.
1212 1263 1249 1292 et
1272 1260 1335 1292 cfr.
1353 1271 1382 1291 n.
1422 1260 1637 1302 Wulfingus
1661 1261 1702 1294 (18
1714 1262 1833 1305 Wald,

490 1310 636 1342 oblatio
664 1313 683 1342 6
702 1313 733 1353 β.
755 1315 775 1347 0)
827 1311 1036 1354 [Diemudis
1067 1311 1112 1343 de
1139 1311 1352 1353 Pranpa0h‚
1385 1317 1434 1342 mr
1457 1312 1491 1343 di
1514 1313 1573 1354 epi
1595 1313 1833 1356 Wernhardi,

489 1361 635 1394 oblatio
668 1363 702 1404 ¹s2
725 1363 787 1395 tal.
808 1363 867 1405 (5.5)
922 1362 1204 1395 Gholomannus
1234 1363 1278 1395 de
1308 1363 1664 1407 Paumgartenperg
1695 1365 1773 1407 pbr.
1798 1369 1835 1397 et

490 1413 553 1445 cfr.
575 1424 605 1445 n.
651 1414 870 1456 Margareta
894 1415 1075 1455 Ghunter,
1106 1415 1252 1446 oblatio
1279 1414 1314 1456 ¹l2
1333 1415 1397 1446 tal.
1442 1414 1500 1446 Fr.
1517 1415 1737 1448 Haistolfus
1760 1428 1832 1449 sac.

489 1467 526 1496 et
548 1476 590 1496 m.
607 1470 639 1496 ΒΘ
656 1466 775 1498 Marie
798 1467 834 1498 in
859 1466 999 1508 Campo
1022 1467 1215 1508 lyliorum‚
1240 1466 1303 1498 cfr.
1321 1465 1364 1508 n.]
1409 1466 1572 1498 Fridricus
1594 1467 1724 1499 Diemel
1746 1469 1832 1510 pleb.

487 1516 520 1547 in
535 1516 763 1559 Rorenphach,
787 1518 841 1560 qui
864 1517 955 1550 dedit
977 1518 1070 1550 nobis
1086 1519 1104 1548 2
1122 1518 1176 1549 tal.
1191 1523 1226 1559 (ᾖ,
1250 1517 1320 1559 pbr.
1338 1521 1371 1549 et
1387 1518 1443 1549 cfr.
1455 1529 1485 1549 n.
1524 1518 1732 1560 Margaretha
1749 1520 1835 1552 dicta

487 1566 663 1600 Ruelantin
676 1569 716 1614 de
728 1569 981 1612 Herczogburga
993 1569 1065 1611 m¹¹·‚
1082 1579 1205 1601 consor.
1219 1580 1249 1600 n.
1282 1569 1403 1601 Paulus
1415 1569 1502 1611 pleb.
1516 1570 1558 1601 ad
1571 1570 1632 1601 Sum
1645 1570 1833 1604 Christoffo-

488 1629 572 1658 rum,
603 1621 656 1662 qui
683 1621 774 1653 dedit
796 1621 888 1653 nobis
911 1622 1012 1654 libere
1035 1624 1139 1653 totum
1162 1631 1277 1663 corpus
1300 1621 1399 1653 biblie
1422 1621 1454 1652 in
1478 1623 1496 1652 2
1520 1622 1735 1654 voluminibus
1759 1634 1833 1665 pre-

490 1671 583 1702 ciosis
603 1674 694 1713 1458,
718 1673 773 1704 cfr.
790 1684 820 1704 n.
856 1673 1047 1705 Leonardus
1063 1673 1166 1704 dietus
1181 1672 1356 1704 Kalawner
1372 1683 1462 1714 ppos
1482 1673 1619 1705 ecclesie
1636 1674 1659 1705 s¹
1672 1674 1835 1717 Nicolai⁶)

489 1726 582 1755 extra
604 1733 712 1755 muros
735 1724 881 1765 Patavie,
903 1725 983 1766 pbr.,
1008 1724 1064 1756 cfr.
1081 1736 1111 1756 n.

289 1779 388 1807 HLid.
437 1777 582 1810 Wetzlo
611 1789 662 1811 cv.
685 1782 722 1811 et
747 1779 789 1811 fr.
810 1791 841 1812 n.
891 1779 1143 1822 [Hermannus
1170 1791 1273 1822 ppos.
1296 1780 1463 1812 ecclesie
1488 1780 1770 1822 secoviensis&
1798 1784 1835 1813 et

490 1830 554 1861 cfr.
574 1841 605 1862 n.
657 1830 850 1863 Ohristina
878 1832 1065 1874 Tuenglin
1094 1842 1164 1863 sor.
1184 1831 1229 1874 n.]
1282 1831 1410 1863 Ulrieus
1433 1831 1575 1863 Trewtel
1602 1842 1671 1864 can.
1694 1833 1727 1864 in
1749 1832 1834 1865 Her—

490 1882 725 1924 czogenburga‚
752 1883 822 1925 pbr.
843 1887 876 1915 et
902 1884 958 1915 cfr.
979 1894 1009 1915 n.
1054 1883 1242 1924 Leopoldus
1265 1882 1415 1914 Sehreier
1437 1883 1478 1914 de
1502 1882 1688 1925 Newburga
1711 1883 1780 1924 pbr.
1803 1887 1836 1915 et

490 1932 546 1964 cfr.
563 1943 592 1964 n.
642 1933 781 1965 Iacobus
804 1934 844 1966 de
867 1933 981 1966 Stencz
1003 1934 1071 1976 pbr.
1091 1937 1124 1965 et
1146 1934 1202 1965 cfr.
1219 1945 1248 1965 n.
1300 1933 1412 1965 Gallus
1436 1944 1477 1965 ex
1493 1934 1692 1976 Witingnaw
1714 1935 1783 1976 pbr.
1802 1938 1835 1966 et

490 1983 546 2015 cfr.
559 1994 589 2015 n.
626 1984 800 2026 Dyonisius
816 1985 897 2017 Stoll
916 1985 1010 2017 monii
1024 1985 1047 2016 s‘
1062 1986 1199 2017 Zenonis
1215 1985 1284 2026 pbr.
1303 1988 1335 2016 et
1351 1985 1406 2016 cfr.
1420 1996 1450 2029 n.
1488 1985 1642 2017 Nicolaus
1656 1986 1834 2027 Ansmaltz,

489 2034 662 2067 Hainricus
684 2036 782 2078 Kolb,
805 2037 1004 2078 Leonardus,
1026 2036 1046 2068 li
1067 2037 1197 2068 ibidem.
1243 2035 1283 2067 D.
1299 2036 1449 2068 Andreas
1471 2047 1562 2078 ppos.
1580 2037 1666 2078 apud
1690 2036 1750 2068 Sum
1765 2038 1834 2069 An-

491 2086 603 2118 dream
613 2087 649 2129 Β),
666 2088 722 2119 cfr.
735 2099 765 2119 n.
800 2092 952 2127 Gregorius
968 2093 1002 2120 de
1018 2093 1051 2120 S⁰
1063 2093 1195 2120 Floriano
1211 2092 1272 2127 pbr.
1287 2094 1315 2119 et
1331 2092 1381 2119 cfr.
1394 2101 1421 2119 n.
1459 2093 1600 2120 Iohannes
1613 2093 1801 2120 Hochnoeber
1816 2093 1834 2120 l.

489 2139 518 2164 et
537 2135 597 2172 cap.
611 2138 724 2172 ibidem,
743 2138 804 2173 pbr.
818 2141 847 2166 et
865 2139 913 2165 cfr.
926 2148 954 2166 n.

303 2187 338 2214 11.
351 2187 387 2214 id.
439 2184 645 2217 Heinricus
667 2186 851 2227 Metzner,
874 2186 1078 2218 Heinricus
1101 2189 1138 2218 et
1159 2185 1363 2226 Gedrudis,
1387 2190 1567 2228 parentes
1591 2187 1661 2228 sui,
1686 2187 1833 2219 oblatio

494 2236 528 2277 ¹s2
547 2237 609 2268 tal.
660 2236 903 2280 [Fridricus⁹)
931 2237 1013 2269 abb.
1035 2237 1080 2269 de
1103 2237 1472 2279 Ohremsmuemter,
1501 2238 1565 2269 cfr.
1586 2249 1616 2269 n.
1663 2238 1832 2270 Gotsali-

490 2288 591 2330 cusb)
621 2289 745 2320 dictus
774 2289 1026 2321 Holnstainer
1057 2288 1101 2320 de
1131 2288 1324 2331 Iewching
1354 2289 1396 2320 fr.
1419 2300 1465 2329 n.‚
1497 2290 1699 2331 peragitur
1729 2291 1832 2321 anni-

490 2341 700 2372 versarium
733 2341 830 2372 feria
863 2341 1029 2373 secunda
1062 2343 1148 2382 post
1178 2341 1377 2372 Invocavit
1408 2351 1488 2372 cum
1519 2342 1655 2373 minori
1686 2342 1832 2383 vigilia,

492 2391 636 2424 oblatio
659 2392 694 2434 ¹l2
713 2392 775 2424 tal.
793 2397 813 2425 ὣ.
838 2417 870 2425 ..
888 2418 894 2424 .
912 2417 919 2424 .
938 2418 944 2424 .
962 2416 970 2424 .
987 2392 1032 2425 (18
1055 2393 1179 2434 vinea,
1203 2402 1274 2434 que
1298 2393 1439 2424 dieitur
1453 2393 1832 2436 Hawsweingarizen]

490 2443 651 2486 Georgius
678 2455 741 2476 sac.
765 2447 799 2476 et
825 2455 866 2476 m.
893 2447 925 2476 et
953 2444 1009 2476 cfr.
1030 2455 1060 2475 n.
1112 2444 1265 2476 Nicolaus
1295 2443 1335 2475 de
1360 2444 1539 2475 Novaoelia
1568 2444 1637 2485 pbr.
1663 2447 1695 2476 et
1722 2444 1779 2476 cfr.
1801 2456 1831 2476 n.

285 2581 308 2612 11)
327 2581 402 2607 Haec
419 2586 481 2607 nota
498 2582 539 2608 hie
556 2583 647 2608 iterum
664 2583 768 2616 scripta.
874 2582 898 2614 ¹’)
920 2582 1032 2615 Corriq..·
1051 2583 1211 2608 Gotscaleus.

286 2665 306 2698 ¹)
324 2664 455 2692 Nicolaue
467 2665 508 2693 11.
523 2666 638 2694 Viereckl
652 2670 819 2694 1512—1521.
908 2668 929 2701 ²)
948 2666 1170 2693 Bartholomaeus
1182 2666 1274 2700 Hoyer
1292 2669 1468 2693 1469-1482.
1558 2666 1580 2699 ³)
1598 2665 1770 2691 Laurentius
1782 2665 1831 2698 11.,

181 2707 220 2733 ob.
234 2710 308 2740 1502,
333 2707 388 2734 dies
408 2716 466 2735 non
486 2712 597 2736 constat.
705 2711 725 2744 ι)
749 2709 794 2736 Ob.
808 2718 833 2736 a.
847 2712 918 2736 1531.
1024 2711 1044 2743 ⁵)
1062 2709 1097 2736 A.
1111 2712 1178 2736 1306
1196 2709 1377 2736 Bernhardus
1399 2717 1451 2742 eps.
1464 2708 1559 2735 Patav.
1574 2708 1655 2734 huius
1677 2708 1780 2734 anniv&
1801 2708 1832 2734 in

180 2749 323 2782 diplomate
340 2750 498 2777 mentionem
515 2752 584 2785 fecit.
689 2753 710 2785 ⁶)
729 2755 899 2780 1471-1489.
1000 2753 1020 2785 ⁷)
1039 2752 1215 2778 Hermamzus
1233 2752 1414 2785 Potsehacher,
1433 2751 1472 2778 ob.
1486 2760 1511 2778 α.
1524 2751 1633 2778 incerto.
1734 2752 1755 2783 Β)
1774 2751 1832 2776 An-

181 2792 262 2819 dreas
278 2792 386 2820 Stachez
403 2797 573 2828 1485—1500‚
592 2803 644 2828 quo
661 2803 687 2822 a.
699 2796 850 2830 resiqnavit,
869 2795 907 2822 ob.
920 2804 944 2821 α.
958 2795 1068 2822 incerto.
1175 2797 1196 2829 ⁹)
1218 2795 1378 2821 Fridericus
1396 2794 1437 2822 ΙΙ.
1456 2794 1654 2828 Ritzendo‘rfer,
1673 2794 1712 2821 ob.
1726 2797 1803 2821 1346.

286 2843 310 2870 N
312 2852 369 2871 nen.
383 2844 488 2872 Fun.
1591 2846 1623 2872 61
