2150 3178
97 1954 122 1974 10

95 2210 120 2229 15

89 2815 116 2835 25

526 738 766 798 NOTA
804 737 1414 797 NEGROLOGIGA

181 834 295 893 DE
336 832 880 893 DOGTORIBUS
920 831 1032 891 AC
1073 831 1757 890 PROFESSORIBUS

274 926 929 988 UNIVERSITATIS
965 926 1667 985 VINDOBONENSIS

623 1023 700 1081 A.
729 1023 883 1080 1436
919 1021 1319 1080 MORTUIS.

246 1163 346 1209 Μία
373 1176 449 1208 haec
478 1175 593 1208 codicis
618 1176 705 1207 4497
731 1175 864 1207 minoris
887 1174 1013 1216 formae
1041 1174 1200 1206 chartacei
1229 1175 1264 1206 in
1293 1174 1476 1206 bibliotheca
1505 1184 1653 1206 caesarea
1682 1173 1798 1206 Vindo-

142 1227 271 1259 bonensi
291 1227 444 1260 reconditi
462 1227 543 1269 folio
563 1227 628 1259 266
635 1233 650 1247 ⁴²
673 1227 862 1259 tractatibus
883 1226 1067 1267 dogmaticis
1082 1227 1203 1258 inserta
1218 1227 1405 1264 continetur,
1427 1227 1483 1266 qui
1504 1237 1584 1258 saec.
1602 1226 1653 1259 15.
1669 1226 1799 1258 ineunte

141 1279 239 1311 scribi
259 1279 403 1319 inceptus
425 1282 480 1311 est.
524 1278 574 1311 De
595 1289 661 1320 qua
683 1279 839 1319 copiosius
859 1278 997 1310 disserui
1016 1277 1122 1310 Neues
1137 1278 1257 1310 Archiv
1274 1277 1421 1316 XXXV,
1438 1279 1511 1310 737.
1559 1278 1662 1318 Quam
1684 1277 1799 1310 litteris

142 1331 317 1363 maioribus
338 1331 574 1363 exscribendam
597 1331 708 1363 curavi
729 1333 824 1370 atque
847 1330 898 1362 hic
917 1330 1020 1370 primo
1042 1330 1079 1361 «iri
1102 1329 1200 1362 lucem
1224 1330 1318 1361 edidi.

243 1475 388 1518 Explicit
410 1475 579 1507 scribendo
603 1477 726 1517 pariter
748 1479 780 1507 et
803 1475 942 1517 legendo
965 1476 997 1506 in
1014 1476 1157 1517 profesto
1175 1475 1198 1506 si
1214 1475 1341 1507 Nicolai
1353 1475 1379 1517 ²)
1395 1476 1549 1517 scriptum
1565 1475 1749 1506 huiusmodi
1765 1479 1798 1506 et

140 1528 260 1560 lectum
276 1528 309 1559 in
324 1528 420 1559 tertio
436 1527 518 1559 libro
535 1528 767 1559 sententiarum
775 1527 802 1569 2)
819 1538 847 1559 a.
862 1527 891 1558 d.
909 1529 1000 1567 1436,
1025 1528 1114 1559 cuius
1132 1527 1206 1558 libri
1222 1527 1340 1569 prefati
1356 1527 1504 1559 inchoavi
1519 1527 1698 1558 leccionem
1716 1526 1797 1558 feria

140 1579 283 1611 secunda
305 1579 492 1611 immediate
514 1582 588 1621 post
611 1582 742 1617 octavas
765 1589 861 1621 pasce
885 1589 913 1610 a.
932 1579 1054 1621 (14)36.
1101 1580 1255 1610 Attamen
1278 1580 1496 1611 invalescente
1513 1579 1697 1621 pestilentia
1713 1589 1796 1610 anno

140 1631 287 1673 predicto
310 1630 462 1663 videlicet
484 1630 598 1672 (14)36
622 1630 716 1671 adeo,
741 1630 827 1672 quod
851 1631 890 1663 de
915 1634 1003 1663 certo
1027 1631 1078 1663 die
1101 1642 1165 1662 una
1188 1630 1388 1672 sepeliuntur
1412 1634 1451 1663 70
1476 1630 1589 1663 funera
1612 1630 1722 1672 ante³)
1745 1641 1796 1662 as-

141 1683 335 1725 sumpcionis
357 1682 388 1714 b.
403 1682 536 1724 Virgine
545 1682 573 1724 b)
584 1682 621 1724 ³),
650 1686 724 1714 tunc
745 1682 893 1724 Wyenne
918 1683 1090 1715 constituto
1114 1683 1322 1724 pluribusque
1347 1683 1507 1714 nobilibus
1531 1683 1703 1724 suppositis
1726 1683 1796 1714 uni-

139 1735 302 1766 versitatis
323 1737 459 1776 protunc
490 1737 523 1766 et
546 1734 643 1776 paulo
666 1738 740 1766 ante
765 1734 923 1766 defunctis
947 1735 1098 1766 videlicet
1120 1735 1303 1776 professore
1327 1745 1418 1766 sacre
1442 1735 1559 1777 pagine
1583 1740 1673 1777 mag⁰
1696 1735 1795 1766 Petro

139 1785 367 1827 Phehenbart,
397 1786 430 1817 in
457 1786 595 1827 collegio
624 1786 713 1818 ducis
741 1787 867 1818 seniore
894 1789 1032 1828 regente
1056 1797 1094 1818 ac
1117 1787 1239 1818 lectore
1270 1787 1301 1818 in
1324 1787 1502 1828 theologia,
1533 1790 1683 1828 preterea
1706 1792 1796 1828 mag⁰

140 1837 335 1870 Ohuenrado
350 1837 484 1870 Heribst
507 1838 655 1870 similiter
678 1838 810 1870 doctore
834 1838 910 1870 licet
931 1849 1014 1870 novo
1034 1842 1067 1870 et
1088 1849 1151 1870 non
1168 1838 1260 1870 unius
1277 1839 1351 1870 anni
1367 1839 1399 1869 in
1416 1838 1610 1880 theo(logia)
1628 1841 1660 1870 et
1676 1838 1796 1869 ordinis

138 1889 399 1930 Predicatorum,
437 1890 563 1931 sepulto
597 1891 630 1921 in
661 1890 757 1921 domo
788 1889 1033 1922 Predicatorum
1057 1890 1216 1932 Wyenne.
1274 1890 1428 1922 Ceterum
1461 1900 1544 1932 mag.
1567 1890 1719 1922 Urbanus
1754 1890 1794 1921 de

140 1941 280 1982 Mellico,
311 1941 446 1973 ecclesie
475 1940 500 1972 s¹
520 1940 677 1983 Stephani
701 1952 769 1973 can.
795 1944 828 1973 et
855 1942 888 1973 in
910 1941 1107 1984 the0(logia)
1131 1941 1254 1982 doctor,
1279 1944 1370 1983 peste
1394 1941 1592 1973 violentante
1616 1942 1682 1973 vita
1704 1941 1795 1983 fungi

138 1993 234 2024 desiit
269 1993 341 2024 aliis
378 1992 503 2024 omissis
537 1996 604 2024 tam
641 1993 747 2035 megin
787 1993 997 2025 baccaleariis
1032 2004 1127 2035 quam
1163 1993 1354 2034 scolaribus,
1393 1994 1468 2025 viris
1502 1993 1722 2025 moralissimis
1757 2004 1795 2025 ac

137 2044 390 2085 virtuosissimis,
421 2054 555 2086 quorum
589 2044 700 2076 felices
730 2045 852 2077 cineres
880 2045 1083 2086 requiescant
1111 2045 1143 2075 in
1166 2055 1257 2086 pace.
1303 2044 1474 2076 Postremo
1498 2045 1658 2086 preceptis
1682 2048 1794 2076 nature

138 2096 366 2138 obtemperans
383 2095 591 2138 debitumque
616 2097 685 2128 eius
700 2097 888 2138 persolvens
911 2107 995 2138 mag.
1013 2096 1174 2128 Iohannes
1190 2096 1360 2128 Staedlaer
1384 2096 1424 2128 de
1440 2096 1658 2137 Lanczhueta,
1678 2096 1794 2128 bacca-

135 2148 233 2179 larius
261 2147 418 2179 formatus
448 2148 482 2178 in
513 2147 679 2190 theologia
704 2158 742 2179 ac
770 2148 960 2190 collegiatus
987 2149 1019 2179 in
1042 2148 1179 2189 collegio
1204 2147 1304 2189 ducis,
1330 2148 1483 2190 epidimia
1508 2151 1613 2179 tactus
1636 2149 1795 2190 expiravit

138 2200 172 2231 in
199 2200 271 2231 loco
300 2200 478 2241 prescripto
507 2210 632 2231 summo
659 2199 813 2241 collegio,
845 2199 969 2231 duobus
998 2203 1031 2231 et
1053 2199 1229 2231 scolaribus
1252 2205 1392 2241 mag⁰¹¹²¹¹²
1415 2199 1537 2232 ibidem
1560 2201 1673 2241 paucis
1695 2201 1794 2232 inter-

136 2251 339 2283 venientibus
363 2251 476 2283 diebus
499 2262 541 2283 ex
564 2255 638 2293 post
661 2251 879 2283 turbulentum
903 2262 992 2283 mare
1015 2252 1175 2293 presentis
1198 2251 1298 2283 seculi
1315 2251 1507 2293 exierunt⁰)‚
1531 2251 1646 2293 quibus
1663 2252 1794 2283 attentis

136 2304 327 2335 universitas
350 2303 527 2335 solenniter
549 2306 747 2346 congregata
769 2304 800 2334 in
825 2303 1039 2345 doct(oribus)
1065 2306 1097 2334 et
1114 2302 1238 2345 m(ag¹⁸)
1255 2303 1420 2343 conclusit,
1444 2306 1480 2337 ut
1502 2303 1543 2334 de
1565 2303 1682 2334 ceteris
1703 2303 1793 2334 vide-

135 2355 213 2386 licet
235 2365 254 2386 a
277 2357 423 2397 tempore
447 2356 549 2397 paulo*
568 2358 642 2387 ante
666 2355 924 2396 assumpcionem
946 2354 1049 2386 Marie
1072 2365 1182 2387 omnes
1199 2358 1289 2386 actus
1305 2355 1475 2395 scolastici,
1499 2356 1657 2386 staeiones
1673 2355 1795 2396 pariter

135 2409 168 2438 et
184 2406 373 2438 consistoria
388 2407 606 2439 universitatis
629 2407 758 2449 penitus
780 2417 843 2437 non
867 2406 982 2438 fierent
1002 2417 1102 2448 usque
1126 2406 1167 2438 ad
1185 2406 1301 2438 festum
1318 2407 1532 2439 Cholomanni
1543 2406 1568 2448 4)
1593 2410 1657 2448 aut,
1686 2408 1712 2438 si
1736 2417 1792 2439 ex-

136 2457 249 2500 pediat
272 2461 305 2490 et
327 2458 486 2500 videatur,
508 2469 568 2500 per
591 2459 726 2501 amplius
744 2458 927 2490 huiusmodi
944 2461 1035 2490 actus
1051 2459 1333 2500 suspenderentur.
1373 2458 1444 2495 Quo
1461 2459 1610 2490 concluso
1635 2461 1668 2490 et
1683 2458 1793 2490 habita

136 2509 233 2551 plena
256 2509 410 2542 videlicet
433 2511 606 2542 vacacione
629 2511 750 2542 recessi
772 2513 846 2551 post
868 2511 1083 2542 reverentiam
1103 2521 1207 2542 meam
1225 2511 1257 2541 in
1272 2510 1347 2541 aula
1363 2511 1470 2541 statim
1488 2510 1528 2542 ed
1545 2513 1654 2551 partes
1671 2511 1793 2542 nativas

136 2560 188 2592 die
217 2560 371 2593 videlicet
400 2561 560 2594 dominica
582 2562 771 2594 immediate
795 2561 904 2603 antea)
928 2562 1159 2603 assumpcionis
1181 2561 1381 2593 absentando
1405 2572 1457 2592 me
1481 2561 1636 2592 tredecim
1659 2562 1793 2603 integris

136 2612 325 2653 septimanis
349 2615 382 2643 et
405 2612 457 2644 die
473 2623 546 2644 una.
583 2613 756 2645 Postremo
769 2612 953 2654 Wyennam
969 2613 1051 2645 redii
1067 2613 1149 2645 feria
1166 2614 1265 2645 tercia
1281 2613 1389 2654 posta)
1405 2612 1575 2644 Elizabeth
1583 2612 1610 2654 ⁵)
1626 2613 1792 2644 inveniens

237 2732 261 2764 ει)
281 2732 338 2758 Sc„-
356 2734 458 2759 festum.
563 2733 588 2767 b)
610 2734 696 2759 Corm
715 2734 831 2767 virginis.
937 2734 959 2766 ⁰)
981 2734 1093 2768 Corriq..·
1111 2735 1266 2760 exeuntibus
1286 2744 1317 2755 =
1338 2735 1452 2759 mortuis.

241 2810 262 2842 ¹)
281 2808 346 2836 Dec.
359 2814 382 2836 5.
487 2811 508 2843 ²)
526 2810 600 2837 Petri
618 2810 774 2838 Lombardi.
882 2812 902 2845 ³)
922 2812 991 2846 Auy.
1006 2816 1043 2839 15.
1150 2812 1171 2845 ⁴)
1195 2810 1249 2837 Oct.
1263 2814 1299 2837 13.
1406 2811 1427 2844 ⁶)
1446 2809 1514 2837 Nov.
1527 2814 1567 2837 20.
