2150 3178
347 198 411 230 *254
511 194 684 222 ANNALFS
702 194 727 221 N
731 193 857 221 ECROL.
871 192 1051 221 FRATRUM
1068 192 1248 221 MINORUM
1265 193 1315 221 AD
1332 193 1359 222 S.
1372 193 1627 223 HIERONYHUM
1643 193 1851 225 VINDOBON.

346 283 381 310 de
400 282 491 310 Salice
510 282 541 314 1.,
567 280 710 316 portarius
730 280 846 316 Vienne,
869 280 902 308 fr.
916 279 1055 308 Matthiae
1079 280 1114 308 de
1133 279 1289 316 Roepstain
1312 288 1368 308 sac.
1382 280 1553 315 Lanoowitr,
1578 281 1612 309 fr.
1625 281 1721 309 Simon
1743 281 1778 310 de
1796 281 1890 310 Salios
1913 290 1968 311 sac.
1986 282 2016 311 in

347 325 520 358 Lancowitz,
546 325 580 352 fr.
594 324 753 352 Alexander
775 324 810 352 de
829 324 960 360 Purgaw,
985 331 1041 351 sac.
1057 324 1087 351 et
1109 323 1292 359 guardianus,
1319 322 1348 350 in
1367 323 1539 358 Lancowitz,
1563 323 1781 358 fr.Ludovicus,
1805 325 1871 353 oler-
1887 325 2015 361 simplex,

346 369 469 397 libenter
487 368 580 396 oravit
599 367 768 400 Lancowitz,
790 367 823 394 fr.
836 367 997 403 Stephanus
1014 367 1049 395 de
1068 366 1170 395 Libera
1188 366 1314 395 Civitate
1331 375 1387 395 sao.
1400 366 1569 402 Lancowitz,
1591 368 1624 396 fr.
1637 367 1826 396 Theowaldns
1843 368 1878 397 de
1889 368 2015 398 wimer-

345 413 425 448 burg,
445 421 500 440 sao.
514 414 544 440 et
556 411 744 447 praedicator,
762 411 793 438 in
806 411 915 444 Graetz,
933 411 967 439 fr.
977 410 1082 439 Vitalis
1101 410 1136 438 de
1148 410 1249 446 Mysna
1266 410 1332 438 cler.
1344 410 1375 438 in
1388 410 1497 444 Graetz,
1516 410 1548 439 fr.
1562 411 1729 447 Rudolphus
1746 411 1782 440 de
1794 411 1931 447 Inspruok
1949 420 2015 446 sao„

344 456 382 483 fil.
396 455 556 483 archiducis
574 454 759 491 Sigismundi,
784 454 814 482 in
832 454 946 487 Graetz,
974 454 1006 481 fr.
1021 454 1146 482 Andreas
1169 454 1234 481 cler.
1253 453 1283 480 in
1302 453 1444 490 Pupping,
1471 454 1505 482 fr.
1518 453 1661 482 Eli-hardus
1679 455 1697 482 l.
1716 463 1799 483 cocus
1822 454 1853 483 in
1872 455 2013 492 Pupping,
2042 463 2055 483 ι

343 500 376 527 fr.
395 500 510 527 Ioannes
534 499 569 527 de
592 498 720 527 Schlesia
742 498 759 525 l.
778 500 868 526 sertor
893 497 923 525 in
947 496 1088 533 Pupping,
1115 497 1149 524 fr.
1167 496 1325 525 Richardus
1349 497 1384 526 de
1407 497 1582 533 Iudubmga,
1611 498 1675 526 cler.
1696 497 1828 533 simplex,
1855 498 1887 526 in
1905 498 2016 528 emta.

343 543 468 571 Summa:
487 543 530 570 25.

448 586 480 613 A.
492 586 518 613 d.
533 585 611 614 1508:
629 585 663 613 fr.
677 585 778 620 loseph
796 584 831 612 de
844 584 955 612 Labaeo
976 585 992 611 l.
1006 583 1036 611 in
1047 583 1137 616 Sta-in,
1156 583 1189 611 fr.
1203 583 1328 619 Angelus
1345 583 1380 611 de
1394 583 1515 617 Prussia‚
1535 583 1641 619 pluries
1653 583 1826 620 guardianus
1839 586 1870 613 et
1881 583 1935 612 vio.
1948 585 2014 619 loci,

343 630 505 665 predicator
522 631 551 656 et
569 629 709 656 confessor
727 627 897 656 venerabilis
915 627 1077 660 senectutis,
1095 627 1152 654 fuit
1171 635 1283 662 quoque
1297 627 1327 654 in
1340 626 1426 655 Terra
1439 627 1553 660 Sancta,
1571 627 1604 655 S⁹
1620 627 1834 663 Radegmndis),
1852 628 1885 655 fr.
1899 627 2014 656 Maurus

342 673 377 701 de
396 673 510 708 Septem
529 672 635 700 Castris
653 681 721 704 sac„
745 671 916 699 sacristanus
937 670 1128 706 Radegundis,
1153 670 1187 697 fr-
1201 669 1312 698 Simeon
1331 670 1366 698 de
1386 670 1466 698 Lintz
1484 679 1540 698 sao.
1553 669 1582 697 in
1601 670 1750 706 Velsperg,
1778 670 1812 698 fr.
1825 670 2014 700 Bernardinus
2033 679 2061 701 ιο

343 716 378 744 de
397 715 538 748 Schwatz,
563 715 628 743 cler.
646 716 751 750 probus
773 716 802 742 et
824 713 1022 742 devotissimus
1045 713 1078 742 fr.
1095 713 1237 749 religiosis
1261 713 1398 746 moribus,
1420 713 1557 747 Viennae,
1583 714 1617 742 fr.
1631 713 1749 742 [munes
1771 713 1807 742 de
1825 713 1929 750 Osi-ing
1950 723 2016 748 sao„

342 760 430 788 bouus
443 769 479 794 p.,
498 758 528 786 in
542 758 682 791 Paradiso,
697 758 733 787 fr.
744 758 882 794 Georgius
893 757 1011 785 Suttner
1022 757 1041 785 1.
1056 757 1190 792 antiquus
1205 757 1235 784 in
1248 756 1337 790 Leve,
1355 757 1389 784 fr.
1399 757 1550 785 Altmanue
1562 757 1590 790 1.,
1609 756 1699 784 bonus
1711 757 1885 792 hortulanus,
1897 757 2016 794 Vienne,

342 803 375 830 fr.
388 803 506 831 Ioannes
525 802 559 830 de
575 801 695 837 Oetting
712 810 768 829 sac.
782 801 898 837 Vienne,
917 801 951 828 fr.
964 801 1134 829 Benoeelaus
1153 800 1227 834 cler„
1246 800 1331 836 longo
1349 802 1477 836 tempore
1496 800 1639 836 egrotavit
1650 800 1785 834 Viennae,
1803 801 1836 829 fr.
1850 801 1962 829 Maron·
1980 800 2016 829 de

343 846 537 874 Landtshueta
556 845 583 878 1.,
601 845 650 880 qui
668 844 792 872 abscidit
804 843 919 880 digitos,
938 844 970 871 S⁰
984 843 1173 880 Radegundis,
1191 843 1224 871 fr.
1237 843 1400 880 Stephanus
1412 843 1447 871 de
1460 843 1583 877 Brixina,
1602 844 1667 872 cler.
1681 843 1810 879 simplex,
1829 843 2015 880 Iudenburge,

342 891 375 918 fr.
390 889 556 917 Valerianus
574 889 602 920 1.,
619 887 802 922 obsequiosus
821 887 898 916 eirca
916 887 1048 920 infirmos.
1066 887 1096 914 iu
1114 889 1194 922 peste
1212 887 1257 916 ob.
1271 887 1440 923 Iudnbnrge,
1462 887 1495 916 fr.
1509 887 1729 923 christophorus
1747 887 1832 915 Ernst
1849 887 1885 916 de
1903 887 2014 923 Gneo,
2034 896 2060 917 u

343 932 524 968 praedicator
541 933 571 960 et
589 931 738 964 confessor,
756 931 927 966 quandoque
945 930 1124 966 guardianus.
1143 930 1172 957 in
1190 930 1300 964 Graetz,
1318 931 1352 958 fr.
1366 931 1530 961 Ambrosius
1548 930 1583 959 de
1596 930 1696 965 Tulna,
1714 939 1769 958 eae.
1782 939 1874 964 senex,
1892 939 1963 959 unus
1981 930 2016 960 de
2052 927 2056 933 '

342 976 440 1012 primis
458 975 544 1007 fribnn,
559 974 676 1010 vienne.
711 974 838 1002 Summa:
858 975 901 1003 15.
1331 998 1334 1002 Δ

447 1019 479 1046 Δ.
493 1019 519 1046 d.
533 1018 612 1046 1509:
640 1018 672 1045 fr.
686 1017 836 1046 Zacharias
855 1018 920 1045 cler.
937 1017 988 1045 sub
1006 1017 1136 1045 incendio
1157 1017 1186 1044 in
1204 1017 1295 1045 altare
1313 1026 1451 1045 summum
1469 1017 1635 1053 confugiens
1653 1017 1739 1052 periit
1757 1017 1787 1044 in
1806 1016 1953 1050 Paradiso.
1981 1017 2016 1046 st.

343 1063 466 1092 Michael
485 1063 519 1090 de
538 1061 608 1090 Retz
626 1069 690 1094 sac..
710 1061 798 1089 bonus
816 1061 947 1096 scriptor,
966 1069 1049 1088 senex
1068 1070 1104 1096 p„
1123 1060 1237 1096 saepius
1255 1060 1435 1095 guarffianus,
1454 1060 1484 1089 in
1502 1059 1692 1094 Entzerstorff,
1709 1060 1743 1088 fr.
1757 1059 1873 1088 Gabriel
1891 1060 1926 1088 de
1939 1059 2014 1090 Rue-

343 1106 614 1140 bach‚·frequenter
632 1104 813 1140 guardianus,
839 1105 927 1132 bonus
946 1103 1126 1140 praedicator
1143 1106 1174 1132 et
1190 1102 1329 1140 regularis
1347 1103 1425 1132 vitas
1443 1104 1557 1136 zelator,
1579 1104 1610 1131 in
1629 1103 1818 1137 Enteerstorff,
1836 1103 1870 1132 fr.
1883 1103 2014 1139 Raphael
2030 1111 2058 1133 no

343 1151 378 1178 de
393 1149 502 1177 Doerffn
521 1157 576 1176 sac.
590 1148 620 1175 in
632 1148 743 1181 Graets,
763 1148 795 1175 fr.
810 1147 908 1181 Adam,
928 1147 1026 1175 doctor
1043 1147 1213 1184 theologiae,
1233 1146 1263 1174 in
1281 1149 1427 1176 senectute
1445 1147 1482 1175 ad
1500 1156 1549 1175 nos
1567 1147 1698 1183 pervenit
1715 1147 1750 1175 de
1769 1146 2014 1176 conventualibus·

342 1193 444 1222 debilis
463 1192 587 1227 quidem,
608 1191 695 1220 vitam
713 1193 810 1219 tamen
828 1190 921 1219 finivit
939 1190 1125 1219 laudabiliter
1142 1190 1260 1227 Viennae.
1298 1191 1424 1219 Summa:
1443 1191 1468 1219 5.

446 1237 479 1263 A.
492 1236 518 1263 d.
533 1235 613 1264 1510:
632 1244 659 1270 p.
674 1235 880 1263 commissarius
898 1235 933 1264 fr.
944 1234 1133 1262 Bernardinus
1153 1233 1316 1270 provinciae
1330 1234 1352 1262 s¹
1363 1233 1506 1262 Francisci
1519 1234 1636 1270 Vienne,
1655 1234 1688 1262 fr.
1701 1234 1854 1263 Gratianus
1866 1234 1886 1262 1.
1895 1233 2013 1271 Vienuq,

341 1282 375 1309 fr.
390 1280 506 1308 lacobus
525 1279 559 1307 de
578 1278 704 1310 Pmssis,
731 1287 850 1313 persona
868 1278 994 1313 elegans,
1020 1277 1161 1306 confessor
1178 1277 1300 1305 multum
1317 1279 1459 1313 expertus,
1482 1278 1511 1305 in
1529 1277 1720 1313 guardianatu
1737 1277 1783 1306 ob.
1795 1277 1824 1305 in
1843 1277 1955 1311 Gra-eta,
1978 1277 2014 1306 fr.

342 1324 490 1358 Iuniperus
502 1323 521 1351 l.
534 1323 564 1350 in
577 1322 752 1357 Egenburge,
771 1321 804 1349 fr.
818 1321 968 1349 Udalrious
986 1321 1021 1349 de
1033 1321 1184 1357 Iudnburg,
1204 1320 1341 1350 discretus
1353 1321 1390 1349 ad
1402 1321 1568 1356 capitulum.
1587 1321 1706 1350 devotus
1718 1321 1853 1360 precipue
1865 1321 1896 1348 in
1907 1328 2012 1350 oorona
2030 1325 2056 1347 κ

343 1368 413 1395 bum
431 1366 550 1401 virginis
563 1365 678 1398 Mariae,
698 1365 896 1398 sacvisnnae.
914 1365 948 1392 fr.
961 1365 1050 1392 Lucae
1068 1365 1103 1393 de
1116 1364 1236 1398 Prussia,
1255 1363 1468 1400 elegantissima
1486 1373 1612 1400 persona,
1632 1363 1788 1393 venerabili
1805 1365 1950 1393 senectute
1967 1363 2014 1392 ob.

341 1419 397 1438 sac.
408 1410 519 1445 Vienne
537 1409 652 1444 (aetatis
664 1410 810 1442 annorum)
817 1410 840 1443 ¹)
854 1409 896 1442 72,
914 1409 947 1436 fr.
960 1407 1122 1444 Hypolytus
1139 1407 1175 1436 de
1189 1407 1367 1444 Landtsperg
1382 1407 1400 1436 1.
1413 1410 1443 1436 et
1461 1407 1585 1436 medicus
1599 1407 1767 1441 Lancowitz,
1785 1407 1819 1436 fr.
1831 1407 1958 1436 Andreas
1977 1407 2012 1436 de

341 1453 491 1482 Salvelden
507 1461 572 1485 sac..
590 1452 679 1480 bonus
696 1451 818 1487 scriptor
835 1453 865 1479 et
883 1451 1075 1484 confessarius,
1094 1451 1124 1479 in
1136 1450 1247 1485 Graetz,
1265 1451 1299 1479 fr.
1311 1451 1446 1479 Paulinus
1462 1451 1497 1479 de
1511 1450 1640 1479 Gaeblitz
1659 1459 1763 1486 parvus
1776 1451 1794 1479 1.
1807 1451 1837 1478 in
1850 1451 1961 1484 eruta.
1978 1450 2014 1479 fr.

343 1496 499 1524 Richardus
511 1496 546 1524 de
556 1495 724 1523 Falknstain
737 1504 801 1528 sae.¹
813 1495 996 1530 guardianus,
1010 1494 1170 1530 predicator
1182 1496 1212 1522 et
1224 1494 1372 1528 confessor,
1381 1494 1495 1527 Vienne,
1507 1494 1541 1522 fr.
1550 1494 1697 1522 Udalricus
1710 1494 1744 1522 de
1754 1494 1837 1522 Nova
1847 1493 1972 1523 Civitate
1983 1493 2013 1528 1.,

342 1541 421 1568 saber
438 1542 467 1567 et
485 1541 592 1567 serator
610 1539 707 1571 bonus,
725 1538 894 1574 quaudoque
911 1538 1085 1572 infirmarius,
1104 1538 1134 1566 in
1147 1538 1332 1573 Noviburgio‚
1352 1538 1385 1566 fr.
1398 1537 1618 1573 christophorus
1630 1538 1658 1571 1.,
1676 1538 1713 1565 ad
1725 1545 1775 1565 nos
1789 1537 1867 1565 venit
1877 1537 1913 1565 de
1925 1536 2014 1566 torti·
2030 1542 2058 1563 ιο
2098 1546 2101 1547 ’

342 1583 449 1617 regula,
468 1582 585 1618 Vienna
605 1584 637 1609 fr.
652 1583 769 1610 Ioannes
787 1582 822 1610 de
840 1582 900 1609 Ybs
919 1591 975 1610 sac.
988 1584 1018 1610 et
1037 1582 1175 1610 confessor
1193 1582 1222 1609 in
1241 1582 1328 1615 Lews,
1346 1582 1382 1612 fr.
1392 1581 1487 1610 Simon
1506 1581 1541 1609 de
1559 1581 1636 1610 Wels
1654 1589 1709 1609 sac.
1724 1580 1833 1609 iuvenis
1851 1580 1881 1608 in
1900 1580 2011 1614 Θησῆα,

342 1627 376 1654 fr.
390 1626 529 1654 Antonius
548 1626 582 1653 de
592 1626 739 1661 'Hartperg
757 1634 812 1653 sac.
826 1626 979 1654 saecularis
998 1626 1034 1653 ad
1052 1634 1101 1653 nos
1120 1625 1206 1659 venit,
1225 1625 1392 1660 quandoque
1409 1624 1584 1661 guardianus
1602 1625 1690 1653 bonus
1707 1626 1736 1652 et
1748 1623 1899 1652 admodum
1911 1623 2012 1652 doctus

343 1680 383 1706 p.,
409 1669 604 1705 Radegundis,
632 1670 664 1696 fr.
678 1669 803 1696 Ioachim
827 1669 861 1697 de
880 1669 1050 1696 Traunstain
1069 1678 1138 1702 sac,
1164 1668 1335 1707 predicator,
1359 1669 1512 1701 confessor,
1538 1670 1571 1696 ut
1588 1667 1761 1704 guardianus
1779 1667 1824 1696 ob.
1842 1666 1871 1694 in
1891 1667 2012 1700 Labaoo.

343 1715 375 1741 fr.
390 1713 552 1741 Theodorus
579 1713 612 1739 de
635 1713 793 1748 Argentina
817 1721 873 1740 sac.
893 1712 922 1739 in
946 1712 1070 1746 Labaeo,
1098 1711 1277 1748 fulgualdus
1301 1712 1337 1740 de
1360 1712 1519 1747 Rattnberg
1543 1719 1599 1739 sac.
1617 1710 1727 1739 iuvenis
1751 1710 1781 1738 in
1805 1709 2011 1744 Rudolffsvem

343 1757 376 1785 fr.
391 1757 494 1784 Paulus
513 1756 548 1784 de
567 1755 697 1783 Carniols.
715 1756 742 1788 1.,
767 1757 858 1784 sartor
876 1755 905 1782 in
925 1755 1044 1787 Labaco,
1069 1755 1101 1783 fr.
1114 1755 1206 1783 David
1225 1755 1259 1783 de
1277 1755 1492 1783 Ruedolffswert
1509 1755 1536 1788 1.,
1555 1757 1647 1782 sartor
1666 1754 1762 1787 bonus,
1781 1754 1814 1781 fr.
1827 1753 2013 1788 obsequiosus
2031 1759 2056 1779 ss

343 1800 372 1827 iu
392 1800 489 1827 eodem
507 1799 570 1826 loco
588 1798 814 1831 Rsuedolffswert,
833 1799 866 1825 fr.
880 1798 1047 1826 Laurentius
1068 1798 1103 1827 de
1121 1799 1239 1826 Monaoo
1257 1807 1321 1831 sac„
1345 1806 1460 1834 gravem
1479 1800 1509 1826 et
1526 1797 1672 1826 insolitam
1691 1796 1886 1826 infirmitatem
1903 1805 2012 1832 passus,

343 1843 432 1870 bonus
451 1852 492 1878 p.,
513 1841 629 1878 Vienne,
654 1842 687 1870 fr.
700 1842 898 1878 Wolffgangus
917 1841 1077 1877 tle-Campo
1095 1841 1220 1870 liliorum
1239 1850 1293 1869 sac.
1313 1842 1343 1869 in
1361 1841 1450 1874 Staiu,
1476 1841 1508 1869 fr.
1523 1841 1679 1869 Ludovicus
1697 1841 1732 1869 de
1750 1840 1928 1873 Schlsvonia‚
1954 1848 2012 1870 sao.

343 1887 432 1914 bonus
456 1895 489 1914 ac
513 1886 622 1913 fervens
643 1885 824 1921 'praedicator
847 1885 877 1912 in
895 1886 1015 1920 utraque
1035 1885 1146 1921 lingua,
1171 1885 1200 1912 in
1220 1885 1344 1918 Labaeo,
1368 1885 1401 1912 fr.
1415 1885 1602 1920 Hieronymus
1620 1884 1655 1912 de
1673 1883 1937 1919 Gumplskuerohen
1953 1891 2011 1912 eae.

343 1929 524 1964 praedicator
535 1928 654 1964 Vienne,
673 1929 705 1956 fr.
718 1928 858 1957 Matthias
877 1928 911 1957 de
925 1928 1040 1956 Oroatia
1057 1937 1114 1957 sac.
1126 1928 1156 1956 in
1168 1928 1394 1964 Rudolphswert.
1430 1928 1500 1956 Erat
1517 1929 1584 1956 tunc
1602 1927 1742 1963 generalis
1754 1926 1903 1954 infirmitas
1915 1927 2011 1962 peoto·

343 1973 411 2000 ralis
429 1973 490 2004 hoc,
501 1981 574 1999 auno
592 1973 673 2007 quasi
691 1973 811 2007 pleures,
835 1980 892 2007 qus.
910 1972 967 2000 sere
985 1981 1081 2000 omnes
1099 1971 1286 2008 suprascripti
1303 1972 1353 1999 fre·
1371 1972 1416 2000 ob.
1455 1971 1488 1999 In
1508 1971 1635 2006 capitulo
1653 1972 1722 1998 tuno
1741 1970 1849 2006 Vienne
1867 1970 2011 1998 celebrato
2028 1975 2056 1995 ιο

343 2016 419 2043 ultra
437 2015 595 2049 nonaginta
613 2015 834 2043 infirmabantur.
870 2015 995 2043 Summa:
1014 2015 1057 2044 25.

447 2129 471 2161 ὃ)
491 2128 575 2154 Deest.
