2150 3178
289 210 352 242 588
622 203 796 232 ANNALES
815 203 1062 232 NECROLOGICI
1082 202 1274 231 CANONIAE
1292 202 1334 230 IN
1353 202 1625 231 ROTHENMANN.

391 294 437 322 Fr.
450 292 575 320 Andreas
589 290 750 319 Prunleiter
768 299 810 318 cv.
824 291 859 318 de
872 290 960 326 Kling
978 298 1067 325 prope
1078 289 1278 317 Veckblsdorff
1291 298 1355 316 cum
1374 289 1473 324 primis
1491 289 1546 316 huc
1558 289 1657 317 missus
1669 288 1738 317 fecit
1750 288 1951 324 professionem

287 338 323 365 ad
343 337 399 365 Sm
417 336 588 364 Dorotheam
609 343 634 362 a.
647 335 674 362 d.
687 334 754 362 1451
774 335 804 361 et
821 333 869 361 hic
887 333 1032 361 stabilitus
1050 333 1095 360 ob.
1108 341 1134 360 a.
1147 332 1173 360 d.
1188 332 1255 360 1485
1273 331 1333 359 XV.
1349 332 1407 360 kal.
1422 332 1550 368 Augusti.

392 381 426 407 D.
440 379 545 407 Paulus
558 379 622 406 Altr
639 378 674 406 de
687 377 822 405 Arnstain
840 385 928 412 prope
946 375 1125 411 Herbipolim
1143 375 1199 403 fuit
1216 376 1294 403 fam¹⁸
1313 376 1389 412 mag¹
1401 375 1535 403 Iohannis
1547 376 1620 411 Iung
1637 375 1742 411 prefati
1759 376 1840 412 pposl
1857 377 1887 404 et
1905 384 1956 411 per

289 424 407 452 eundem
426 425 537 458 patrem
557 423 689 457 receptus
707 421 744 449 ad
762 420 971 456 professionem.
1007 419 1063 447 Hic
1082 419 1126 446 ob.
1139 427 1164 446 a.
1178 419 1204 446 d.
1219 418 1286 446 1483
1305 419 1354 446 111.
1367 419 1425 446 kal.
1437 418 1618 454 Septembris.

393 467 426 494 D.
440 465 588 494 Udalricus
610 465 645 492 de
664 464 833 492 Constancia
858 463 888 491 in
913 463 1061 491 iuventute
1085 461 1154 490 fecit
1176 462 1375 497 professionem
1397 462 1427 490 in
1450 463 1539 490 mon¹⁰
1558 461 1746 498 Kreuczliugn
1764 465 1846 490 extra
1862 462 1956 491 menia
1986 469 2000 490 ὓ

291 509 420 538 Costnicz
438 509 494 537 sito
513 511 543 537 et
560 509 676 536 tandem
695 509 812 543 propter
829 506 987 542 regularem
1007 505 1218 533 observanciam
1236 514 1260 533 a.
1274 506 1300 534 d.
1314 506 1383 533 1444
1401 505 1437 533 ad
1455 505 1511 533 8¹¹¹!²
1527 506 1699 534 Dorotheam
1717 514 1747 533 se
1764 505 1908 534 stabilivit
1925 507 1956 534 et

289 554 400 582 demum
423 562 475 588 per
491 553 550 580 dum
568 551 744 586 Stephanum
769 550 803 578 de
823 550 1006 578 Lanczkrana
1029 554 1140 584 pposum
1163 550 1245 576 monii
1268 554 1294 575 s⁴1³
1313 549 1453 577 Dorothee
1476 549 1530 576 huc
1554 558 1604 584 per
1623 548 1698 576 viam
1716 549 1907 584 compromissi
1926 549 1967 577 in·

289 597 465 632 prepositum
484 596 568 623 datus
587 597 616 622 et
635 595 742 622 electus
750 594 770 629 ¹)
788 595 854 629 post
872 592 1090 621 translacionem
1109 591 1194 627 primi
1212 593 1300 627 pposl,
1318 592 1394 628 magl
1408 592 1540 620 Iohannis
1552 592 1625 628 Iung
1642 592 1679 620 ad
1692 593 1743 620 Aw
1761 594 1791 620 et
1803 592 1955 625 Frisacum.

289 642 322 668 ut
344 639 510 675 premissum
535 641 591 671 est,
616 637 724 673 prefuit
749 637 822 664 idem
846 646 873 672 p.
887 635 1038 663 Udalricus
1059 635 1197 664 secundus
1219 644 1298 671 ppos
1317 635 1383 663 huic
1406 636 1582 671 prepositure
1606 636 1687 663 annis
1707 637 1739 663 12
1758 645 1822 664 cum
1839 635 1957 664 dimidio

289 684 383 711 minus
402 684 435 711 14
453 682 563 711 diebus.
599 682 651 710 Ob.
665 683 760 709 autem
778 689 804 708 a.
817 680 844 708 d.
859 680 926 707 1475
944 679 978 707 V.
991 688 1055 706 non.
1067 679 1146 706 Maii.
1974 686 2002 707 10

395 727 427 754 D.
436 725 612 762 Augustinus
625 727 693 752 ante
706 723 907 759 professionem
921 723 1058 750 Iohannes
1070 722 1163 750 dictus
1176 723 1211 750 de
1225 722 1358 750 Mflldorff
1373 722 1442 750 fecit
1455 721 1654 757 professionem
1667 722 1703 750 ad
1716 722 1773 750 Sun
1785 722 1956 751 Dorotbeam

289 780 315 798 a.
329 770 354 798 d.
369 770 436 798 1463
456 771 485 797 et
503 778 558 796 non
578 769 626 796 diu
646 769 747 803 postea
764 767 820 794 huc
839 766 963 794 directus
981 768 1098 802 propter
1116 765 1295 794 infirmitates
1313 774 1386 798 suas,
1405 774 1476 800 quas
1494 765 1523 792 in
1537 765 1656 794 Wienna
1669 765 1843 801 paciebatur,
1862 765 1910 794 hic
1927 775 1957 794 se

290 813 434 842 stabilivit
451 822 477 840 a.
490 812 518 839 d.
532 812 607 839 1465.
644 811 696 838 Ob.
711 819 776 838 vero
795 819 820 838 a.
833 810 860 837 d.
875 810 942 837 1502
960 809 1017 837 kal.
1030 809 1108 836 Maii.

395 856 428 884 D.
442 856 581 883 Iohannes
600 855 778 890 Kuglperger
796 853 833 880 fil.
847 852 974 880 Hainrici
993 852 1095 880 rasoris
1114 861 1270 887 pannorum
1289 861 1323 879 ex
1334 851 1618 880 Franckhnmarckht
1634 853 1702 880 ante
1719 851 1875 887 ingressum
1893 852 1957 880 reli-

291 900 382 936 gionis
395 908 446 935 per
455 898 599 927 biennium
613 898 642 925 in
656 897 816 925 sacerdocio
830 896 1001 924 constitutus
1014 896 1082 924 fecit-
1094 895 1140 923 hic
1154 895 1353 931 professionem
1366 895 1395 922 in
1408 894 1454 922 die
1465 895 1656 923 Bartholomei
1669 895 1792 930 apostoli
1806 904 1831 923 a.
1841 895 1867 924 d.
1881 896 1957 924 1464.
1976 904 2001 924 u»

291 945 317 971 Is
335 946 401 979 post
419 943 562 979 decessum
576 942 602 969 (1ἱ
617 941 706 976 patris
718 939 846 968 Udaln'ci
865 949 891 968 a.
905 940 930 967 d.
944 940 1012 967 1475
1025 939 1118 967 locum
1131 939 1191 967 eius
1203 939 1354 966 subvectus
1372 940 1417 966 est
1435 940 1464 966 et
1482 938 1523 966 sic
1535 937 1639 966 tercius
1651 947 1731 974 ppos.
1744 939 1771 967 11.
1785 947 1821 967 111.
1834 938 1959 972 effectus,

290 988 342 1015 sub
367 986 446 1014 cuius
469 985 605 1021 regimine
628 984 784 1012 translacio
808 983 890 1011 monii
912 992 946 1011 ex
969 982 1134 1010 suburbario
1157 983 1193 1010 ad
1217 982 1363 1010 civitatem
1388 982 1466 1010 facta
1487 983 1531 1010 est
1549 990 1574 1009 a.
1590 981 1616 1009 d.
1635 982 1710 1010 1480.
1746 982 1798 1010 Ob.
1811 991 1836 1010 a.
1851 982 1877 1010 d.
1891 982 1960 1010 1512

291 1030 378 1058 etatis
397 1038 446 1058 sue
465 1030 498 1056 75
517 1029 631 1056 circiter
649 1030 679 1055 et
697 1027 737 1054 sic
755 1026 883 1062 portavit
901 1035 970 1054 onus
989 1026 1166 1062 prepositure
1185 1034 1236 1060 per
1253 1034 1342 1053 annos
1360 1025 1402 1052 37.

396 1073 428 1100 Ι).
443 1072 597 1099 ieronimus
619 1073 687 1098 ante
711 1070 911 1105 professionem
930 1070 1070 1098 lohannes
1089 1069 1158 1097 Gott
1179 1069 1251 1096 alias
1269 1068 1372 1096 Nfissel
1395 1068 1518 1103 dictus·)
1544 1069 1578 1096 de
1596 1069 1713 1097 Monaco
1736 1068 1805 1096 fecit
1827 1068 1874 1097 hic
1897 1077 1959 1105 pro-

291 1116 439 1145 fessionem
458 1125 483 1143 a.
497 1115 523 1142 d.
539 1116 606 1142 1465
624 1116 653 1142 et
672 1123 697 1142 a.
711 1114 737 1142 d.
754 1114 822 1142 1482
840 1113 960 1141 intravit
979 1113 1104 1141 ordinem
1122 1113 1144 1139 si
1159 1111 1308 1140 Benedicti
1325 1112 1355 1139 in
1374 1112 1495 1140 Maense.
1531 1111 1583 1140 Ob.
1594 1112 1700 1140 ibidem
1718 1120 1743 1140 a.
1756 1112 1783 1140 d.
1798 1113 1871 1140 1494.
1977 1121 2004 1142 ao

396 1159 429 1187 D.
443 1158 621 1187 Bernhardus
641 1160 706 1185 ante
725 1157 925 1192 professionem
945 1157 1083 1184 lohannes
1095 1155 1277 1183 Scheuczlich
1296 1155 1330 1183 de
1351 1155 1464 1183 Halstat
1481 1155 1643 1183 nominatus
1660 1155 1730 1183 fecit
1748 1155 1794 1183 hic
1812 1155 1960 1191 professio-

292 1212 356 1231 nem
375 1212 400 1230 a.
414 1203 439 1230 d.
454 1202 533 1235 1465,
559 1204 644 1229 antea
667 1209 723 1228 sac.
741 1200 882 1228 secularis.
919 1201 950 1227 In
973 1199 1132 1228 reversione
1150 1208 1168 1227 a
1186 1198 1301 1227 medicis
1319 1208 1353 1227 ex
1373 1198 1493 1227 Wienna
1511 1199 1555 1227 ob.
1573 1198 1649 1226 circa
1667 1198 1853 1227 Gravenwerd
1872 1207 1961 1234 prope

292 1247 411 1274 Krembs
429 1246 459 1273 iu
478 1254 534 1272 uua
553 1244 706 1279 parrochia
724 1244 880 1272 tumulatus
899 1253 925 1271 a.
938 1243 1054 1271 (1.1482.

396 1291 429 1317 D.
443 1289 581 1316 Martinus
601 1288 731 1315 Hartlieb
755 1288 789 1315 de
810 1288 970 1315 Rotnmann
993 1287 1062 1314 fecit
1085 1286 1164 1322 prius
1182 1286 1382 1322 professionem
1401 1285 1432 1313 in
1450 1285 1568 1314 Secovia
1586 1294 1611 1313 a.
1625 1285 1651 1312 d.
1666 1286 1733 1313 1473
1751 1287 1780 1313 et
1798 1285 1835 1312 ad
1853 1285 1960 1313 instan-

293 1334 366 1361 ciam
385 1332 493 1365 fratris‚
520 1331 610 1367 patris
629 1331 671 1358 sui
691 1331 797 1358 'rhome
815 1330 956 1362 Hartlieb,
978 1329 1037 1357 coci
1057 1330 1082 1357 di
1101 1329 1288 1364 imperatoris,
1307 1329 1343 1356 ob
1362 1329 1474 1357 litteras
1492 1328 1529 1356 ab
1547 1327 1690 1363 imperiali
1708 1328 1858 1356 maiestate
1877 1328 1959 1356 datas
1976 1337 2004 1359 ιι

293 1377 348 1404 fuit
367 1377 515 1405 absolutus
533 1375 570 1402 ab
589 1374 756 1403 obediencia
774 1373 880 1401 ibidem
899 1375 929 1401 et
946 1373 993 1401 bic
1012 1383 1038 1400 a.
1051 1374 1077 1400 d.
1091 1374 1160 1401 1479
1178 1372 1331 1406 stabilitus,
1351 1373 1396 1400 ob.
1408 1374 1504 1400 autem
1522 1380 1546 1399 a.
1561 1372 1586 1399 d.
1602 1372 1677 1400 1507.

397 1420 430 1448 D.
444 1419 561 1447 Georius
575 1418 686 1446 Babich
705 1418 740 1446 de
754 1417 860 1445 Czwetl
879 1417 935 1445 fuit
954 1417 1030 1452 prior
1048 1417 1084 1444 nd
1100 1420 1155 1444 δυ’·
1170 1416 1348 1448 Dorotheam,
1366 1416 1436 1451 prof.
1449 1424 1475 1444 a.
1487 1415 1513 1444 d.
1527 1415 1596 1443 1479
1613 1419 1643 1443 et
1655 1417 1771 1451 propter
1783 1415 1964 1444 infirmitates

294 1464 353 1491 eius
372 1464 427 1491 huc
447 1463 555 1494 missus,
575 1462 624 1496 qui
642 1464 672 1489 et
691 1461 737 1488 hic
756 1470 781 1488 a.
795 1462 820 1489 d.
834 1461 902 1488 1487
921 1461 990 1488 fecit
1008 1460 1198 1488 obedientiam
1218 1461 1248 1488 et
1265 1459 1415 1494 taudem-¹³)

398 1507 430 1534 D,
444 1506 571 1533 Andreas
590 1506 712 1532 Arraber
730 1505 764 1532 de
784 1504 938 1532 Tekndorff
953 1503 1022 1531 fecit
1040 1503 1087 1531 hic
1106 1503 1305 1539 professionem
1323 1511 1348 1531 a.
1363 1503 1388 1531 d.
1403 1503 1478 1531 1484.

399 1551 430 1577 D.
444 1550 602 1578 Beruardus
616 1548 701 1576 Fabri
720 1549 799 1583 prius
818 1550 885 1575 ante
899 1547 1099 1582 professionem
1112 1547 1237 1574 Andreas
1256 1549 1373 1574 vocatus
1391 1546 1426 1574 de
1439 1546 1597 1574 Rotnmanu
1616 1546 1685 1574 fecit
1703 1545 1749 1574 hic
1761 1545 1961 1581 professionem
1979 1553 2006 1574 no

295 1603 320 1621 a.
334 1594 359 1621 d.
374 1593 442 1620 1490
461 1593 550 1620 XVII.
565 1593 610 1620 die
630 1591 733 1620 mensis
751 1591 829 1619 Maii.
867 1591 918 1618 Ob.
932 1591 1033 1618 deinde
1051 1599 1076 1618 a.
1089 1590 1141 1623 d.⁰)

398 1637 442 1664 Fr.
456 1637 594 1664 Iohannes
612 1635 807 1670 Holczpacher
830 1635 895 1662 cler.
913 1635 947 1662 de
965 1633 1112 1669 Sladming
1134 1634 1204 1661 fecit
1225 1633 1271 1661 bic
1290 1633 1491 1668 professionem
1509 1641 1534 1660 a.
1549 1632 1574 1660 d.
1589 1633 1655 1660 1495
1677 1631 1706 1659 111
1724 1631 1769 1660 die
1787 1630 1962 1659 invencionis

294 1686 320 1707 s⁰
339 1681 428 1708 crucis
448 1683 477 1708 et
495 1680 591 1708 eodem
611 1689 636 1707 a.
650 1679 695 1707 ob.
710 1679 756 1706 lV.
770 1679 827 1706 kal.
842 1678 1017 1705 Novembris.

400 1724 432 1751 D.
445 1724 565 1758 Magnus
586 1723 800 1757 Praitnpawner
822 1723 856 1749 de
876 1721 1051 1749 Kiricbdorff
1071 1721 1107 1748 ad
1130 1721 1241 1755 aliquos
1259 1729 1347 1748 annos
1369 1729 1424 1747 sac.
1443 1719 1578 1748 secularis
1601 1722 1630 1747 et
1651 1719 1698 1746 hic
1716 1719 1797 1754 quasi
1814 1727 1866 1754 per
1882 1718 1962 1753 quin-

294 1767 446 1802 quennium
471 1769 636 1801 cooperator
660 1768 754 1793 noster
774 1765 930 1792 divinorum
950 1764 1148 1800 professionem
1167 1763 1236 1791 fecit
1254 1763 1301 1790 hic
1320 1772 1345 1791 a.
1358 1763 1384 1790 d.
1400 1763 1467 1791 1495
1484 1763 1514 1790 in
1533 1762 1635 1798 vigilia
1653 1762 1855 1798 assumpcionis
1873 1761 1962 1790 Mario
1980 1770 2005 1790 ss

295 1819 405 1846 semper
424 1810 550 1846 virginis.
588 1810 640 1837 Ob.
653 1818 678 1836 a.
692 1809 745 1842 (1.0)

400 1854 446 1881 Fr.
462 1853 616 1882 leronimus
634 1851 805 1880 Rauchmair
824 1852 857 1879 de
874 1852 1032 1881 Botnmann
1051 1860 1108 1878 acc.
1122 1850 1191 1878 fecit
1210 1850 1256 1877 hic
1275 1849 1475 1885 professionem
1493 1858 1519 1877 a.
1532 1849 1558 1877 d.
1573 1849 1640 1878 1502
1657 1849 1686 1876 in
1705 1849 1751 1877 die
1769 1854 1796 1876 αθ
1807 1848 1963 1877 Katherine

297 1898 414 1933 virginis
434 1900 463 1925 et
482 1898 526 1924 ob.
540 1906 565 1924 a.
579 1897 632 1930 (1.(1)

401 1941 433 1968 D.
447 1941 530 1968 Vitus
546 1939 627 1967 Veiol
647 1940 680 1967 de
700 1939 834 1966 Gaissarn
853 1947 903 1973 per
922 1937 1069 1965 duodecim
1088 1946 1176 1964 annos
1194 1945 1249 1964 sac.
1266 1936 1401 1964 secularis
1419 1936 1589 1963 constitutus
1609 1936 1676 1963 fecit
1698 1935 1746 1963 hic
1764 1935 1963 1971 professionem

298 1993 322 2012 a.
337 1984 363 2012 d.
378 1984 445 2011 1506
466 1984 493 2010 111
513 1983 558 2011 die
578 1982 775 2010 translacionis
793 1983 814 2009 si
827 1981 980 2017 Augustini
999 1983 1028 2008 et
1047 1981 1090 2008 ob.
1104 1989 1129 2007 a.
1142 1980 1195 2014 d.d)
1980 1987 2007 2007 4⁰

404 2027 447 2054 Fr.
462 2027 622 2054 Leonardus
637 2026 746 2053 Fiemer
764 2026 799 2053 de
812 2026 897 2052 Grecz
915 2024 996 2059 quasi
1015 2033 1066 2059 per
1083 2023 1234 2051 triennium
1254 2023 1388 2051 secularis
1406 2032 1461 2051 sac.
1475 2023 1597 2051 existens
1615 2023 1684 2050 fecit
1702 2022 1749 2050 hic
1764 2021 1964 2058 professionem

299 2079 324 2097 a.
338 2070 363 2097 d.
380 2071 447 2098 1506
466 2070 495 2096 111
515 2070 560 2097 die
579 2069 778 2097 translacionis
797 2070 818 2095 si
836 2067 998 2104 Augustini,
1017 2067 1067 2102 qui
1085 2070 1114 2095 et
1132 2067 1176 2094 ob.
1190 2076 1216 2094 a.
1229 2067 1255 2094 d.
1269 2067 1367 2101 (15)15.

403 2114 433 2140 D.
449 2113 591 2140 Conradus
604 2113 688 2148 Rupp
708 2113 742 2140 de
758 2112 923 2140 Pheffikenn
942 2120 1029 2146 prope
1043 2110 1154 2138 Ainsidl
1173 2110 1211 2137 im
1225 2110 1463 2138 Sweintznerland
1481 2109 1614 2137 oriundus
1631 2111 1698 2137 tunc
1711 2109 1830 2136 acolitus
1843 2108 1965 2136 existens

298 2157 368 2184 feeit
387 2157 587 2191 professionem
607 2156 636 2183 in
656 2157 701 2183 die
721 2156 741 2182 si
756 2155 868 2183 Nicolai
887 2156 930 2190 epi
950 2157 979 2182 et
997 2153 1111 2189 patroni
1130 2154 1155 2180 11ί
1175 2163 1200 2181 a.
1214 2154 1239 2181 d.
1254 2153 1330 2181 1510.
1366 2153 1417 2180 Ob.
1431 2162 1456 2181 n..
1469 2153 1523 2187 d.‹¹)

403 2234 554 2268 ⁰)N01uina
567 2236 630 2261 frum
644 2234 838 2262 defunctorum
851 2233 1036 2268 professorum
1051 2241 1085 2259 ex
1098 2231 1185 2258 111011ἰο
1198 2237 1317 2258 cau⁰mm
1330 2231 1501 2266 regularium
1514 2230 1543 2258 in
1553 2230 1727 2258 Rotnmann:
1737 2229 1915 2257 Venerabilis
1925 2239 1961 2265 p.,
1979 2237 2006 2256 ⁴⁵

298 2278 323 2304 d.
340 2278 487 2306 Udalricus
511 2278 545 2305 de
565 2277 735 2305 Constancia
759 2277 895 2304 secundus
915 2285 992 2311 ppos.
1007 2276 1051 2303 ob.
1065 2284 1090 2303 a.
1103 2275 1129 2302 (1.
1145 2276 1212 2302 1475
1235 2277 1264 2302 et
1282 2275 1322 2302 sic
1341 2275 1378 2302 ab
1396 2274 1481 2302 initio
1500 2273 1676 2301 fundacionis
1694 2273 1721 2300 11.
1734 2282 1770 2300 111.
1784 2273 1896 2300 circiter
1913 2281 1964 2308 per

298 2330 386 2349 annos
411 2321 446 2348 20
464 2321 558 2348 nullus
584 2330 617 2348 ex
643 2326 674 2347 n0
701 2322 840 2347 conventu
865 2322 931 2347 ante
954 2319 1046 2354 ipsum
1071 2318 1191 2346 decessit
1213 2321 1243 2345 et
1266 2318 1393 2353 sepultus
1416 2319 1460 2345 est
1481 2320 1548 2345 ante
1570 2325 1707 2344 summum
1729 2316 1820 2344 altare
1844 2315 1964 2351 gloriose

301 2374 412 2399 semper
430 2364 549 2400 virginis
568 2364 656 2391 Marie
675 2364 703 2390 in
723 2363 868 2398 hospitali,
888 2362 937 2390 ubi
957 2364 1024 2390 tunc
1044 2364 1110 2390 ante
1128 2361 1346 2389 translacionem
1364 2361 1447 2388 monii
1466 2361 1653 2388 morabamur.

405 2408 437 2434 D.
451 2407 630 2435 Bernhardus
649 2407 832 2441 Scheyezlich
856 2406 890 2433 de
914 2406 1037 2433 Halstat.
1074 2405 1106 2432 D.
1120 2405 1225 2432 Paulus
1247 2405 1328 2431 Alter
1350 2405 1384 2431 de
1406 2404 1546 2431 Arnstain.
1583 2403 1617 2431 D.
1630 2403 1789 2438 Stephanus
1807 2402 1908 2438 Tengk
1929 2402 1964 2430 de

301 2452 464 2486 Egnburga.
501 2451 545 2477 Fr.
558 2451 684 2478 Andreas
703 2450 889 2484 Prunnleyter
908 2458 948 2476 ev.
986 2449 1017 2476 D.
1031 2449 1149 2476 Iacobus
1162 2448 1291 2475 Smuczer
1309 2448 1343 2475 de
1355 2447 1477 2475 Lutovia
1495 2447 1567 2475 alias
1580 2446 1681 2474 Prfinn.
1715 2446 1759 2473 Fr.
1773 2445 1966 2480 Holczpacher
1982 2451 2010 2471 so

299 2495 437 2522 Iohannes
463 2495 496 2521 de
521 2493 672 2528 Slfidming.
719 2494 751 2520 D.
770 2493 946 2528 Augustinus
968 2493 1081 2528 Aygner
1104 2492 1138 2519 de
1160 2491 1299 2518 Muldorff.
1344 2491 1403 2524 1)D.
1415 2490 1555 2518 Martinus
1573 2489 1703 2518 Eartlieb
1725 2489 1759 2516 de
1779 2489 1965 2516 Rotenmanu.

301 2539 345 2565 Fr.
359 2537 533 2573 Augustinus
551 2537 686 2571 subdyac.
703 2537 737 2563 de
750 2536 885 2571 Wahing.
921 2536 953 2563 D.
967 2535 1051 2563 Vitus
1071 2535 1151 2563 Veiol
1170 2535 1205 2562 de
1224 2536 1390 2568 Gayssamn.
1427 2534 1518 2562 Venli·
1536 2543 1572 2568 p.,
1594 2534 1620 2560 (1.
1633 2533 1771 2560 lohannes
1790 2532 1966 2567 Kuglperger

301 2582 335 2608 de
354 2580 622 2608 Franckhnmarckh
641 2579 743 2607 tertius
761 2588 841 2614 ppos.

405 2669 429 2701 Β)
453 2669 478 2693 V
477 2678 509 2694 ox
534 2670 618 2694 dictus
643 2669 735 2693 iterum
757 2669 854 2700 scripta
878 2668 1001 2692 exstincta
1027 2671 1069 2692 est.
1175 2665 1200 2698 b)
1221 2665 1386 2691 continuatio
1410 2664 1485 2690 deest.
1591 2663 1614 2695 c)
1633 2663 1727 2688 Annua
1754 2667 1777 2688 et
1803 2663 1857 2688 (lien
1883 2662 1965 2688 obitus

304 2713 476 2738 desideratur.
582 2711 607 2744 d)
627 2713 721 2736 Annus
743 2715 767 2736 et
788 2711 842 2736 dies
865 2711 946 2735 obitus
968 2710 1044 2735 deest.
1158 2709 1180 2742 ²)
1201 2709 1283 2734 Νοίιι.ι
1308 2709 1418 2734 Nomina
1441 2715 1520 2739 usque
1542 2707 1569 2731 in
1593 2707 1740 2732 Rotnmann
1763 2705 1854 2731 litteris
1875 2705 1963 2730 rubris
1981 2710 2007 2730 ss

302 2756 423 2780 distincta
441 2760 484 2780 est.
589 2754 608 2787 f)
629 2755 766 2787 Sequentia
783 2754 890 2779 vzonzina
908 2754 994 2779 altera
1013 2762 1093 2778 manu
1112 2754 1232 2786 temporis
1250 2751 1422 2784 subsequentia
1440 2751 1537 2783 scripta
1555 2754 1622 2775 mut.

409 2816 428 2846 ¹)
448 2815 531 2840 Anno
551 2817 621 2840 1463.
