2150 3178
561 176 827 204 NECROLOGIUM
845 176 1035 204 CANONIAE
1053 176 1102 204 AD
1121 177 1147 205 S.
1160 176 1410 205 HIPPOLYTUM.
1751 182 1810 212 501

469 264 607 305 Campo
624 263 794 296 liliorum
810 266 847 296 et
862 264 927 296 cfr.
944 263 988 307 n.]
1027 263 1243 296 christoforus
1259 263 1363 296 dictus
1379 263 1505 306 Haspel
1522 274 1590 296 can.
1609 264 1650 296 de
1667 264 1816 307 Secovia,

468 314 524 347 cfr.
540 325 570 346 11.
610 314 736 346 Ulricus
751 315 904 347 Darnach
919 315 939 347 l.
956 315 1086 347 ibidem.
1125 315 1262 347 Iacobus
1278 315 1318 348 de
1335 315 1372 347 8⁵
1387 315 1556 348 Dorothea
1571 315 1639 358 pbr.
1658 319 1691 348 et
1710 317 1766 349 cfr.
1783 328 1814 348 n.

467 366 628 408 Georgius
652 365 903 408 Spiegelperger
925 366 967 398 de
990 366 1189 409 Neunburga
1212 367 1280 408 pbr.
1298 370 1331 399 et
1354 367 1409 399 cfr.
1426 378 1456 398 n.
1501 367 1542 399 D.
1558 367 1730 407 Iohannes,
1761 368 1815 410 qui

467 417 529 449 fuit
543 418 648 449 socius
664 417 843 449 divinorum
867 418 899 449 in
915 418 1044 460 Heynn,
1068 421 1204 450 testatus
1228 421 1277 450 est
1291 418 1384 450 nobis
1407 422 1417 450 1
1439 418 1556 450 librum
1580 419 1622 451 ad
1640 419 1814 460 librariam,

468 468 525 500 cfr.
546 479 576 500 n.
623 468 793 500 oswaldus
819 468 965 501 Pfuttrer
992 469 1032 501 de
1055 469 1294 512 Reichersperg
1320 470 1391 511 pbr.
1413 473 1445 502 et
1472 470 1528 502 cfr.
1550 481 1580 501 n.
1600 476 1604 479 ’
1625 470 1816 503 Leonardus

466 519 649 552 Haeberler
672 530 714 551 ex
737 519 912 552 Novacella
941 520 1011 562 pbr.
1036 524 1069 553 et
1095 521 1150 553 cfr.
1172 532 1202 552 n.
1248 521 1397 553 Andreas
1421 521 1497 553 olim
1521 532 1612 563 ppos.
1636 522 1668 553 in
1691 522 1814 564 Tyern-

468 571 591 603 schtain
600 571 681 613 ⁸)¹)‚
711 570 780 612 pbr.
804 574 837 602 et
866 571 921 604 cfr.
943 583 972 603 n.
1027 572 1067 604 D.
1090 573 1306 614 Wolfgangus
1337 583 1378 604 ex
1407 572 1677 615 Paugartenperg
1706 574 1761 605 cfr.
1784 585 1813 606 n.

467 622 522 654 Fr.
538 622 738 664 Augustinus
768 622 809 654 de
833 622 870 654 θ’·
891 623 993 655 Oruce
1021 623 1091 666 pbr.
1115 626 1147 655 et
1170 624 1226 655 cfr.
1248 634 1278 655 n.
1324 629 1358 655 D.
1375 629 1487 656 Blasius
1510 629 1710 664 Rosenstingel
1733 638 1814 664 ppos.

467 673 502 701 de
519 673 552 700 S⁰
565 673 734 708 Prangracio
741 673 765 706 b)
778 674 806 706 ²),
826 674 886 708 pbr.
900 675 929 700 et
947 674 996 701 cfr.
1010 683 1036 701 n.
1073 675 1105 702 D.
1119 675 1242 702 Michael
1261 675 1359 702 Saexel
1378 675 1412 702 de
1431 675 1587 711 Tegernsee
1605 676 1666 710 pbr.
1680 678 1709 703 et
1728 676 1775 703 cfr.
1789 685 1815 702 n.

467 716 511 743 Fr.
524 716 660 744 Iohannes
678 725 714 743 m.
731 716 761 742 in
780 716 988 748 Altenwurckh,
1007 717 1068 752 pbr.
1082 719 1111 745 et
1131 719 1178 745 cfr.
1194 727 1220 745 n.

156 764 199 793 20.
244 764 390 791 X111.ka.l.
417 759 525 792 Gisla
554 760 792 803 Hagerinna‚
825 759 970 792 oblatio
1002 763 1045 792 70
1066 765 1087 797 ο).
1141 760 1356 803 [Heinricus
1385 761 1430 793 de
1460 761 1816 794 Chremsmuenster

466 811 545 854 pbr.
563 815 601 844 et
623 811 688 843 cfr.
705 822 736 843 n.
773 811 851 843 Leo
875 821 948 843 sac.
967 814 1003 843 et
1019 823 1062 843 m.
1076 817 1108 843 s‘³
1123 812 1241 844 Marie
1257 813 1416 854 virginis
1433 813 1469 844 in
1486 812 1528 844 8¹·
1545 812 1679 854 Oruce,
1703 812 1767 844 cfr.
1783 823 1814 844 n.

464 862 724 896 Perchtoldus
743 862 824 904 (ΝΡ)
843 862 984 895 ibidem
1010 866 1047 895 et
1070 863 1134 895 cfr.
1150 875 1180 895 n.
1219 864 1412 896 Iohannes
1435 864 1514 906 pbr.
1532 864 1577 896 de
1594 864 1635 896 S⁰
1651 864 1815 905 Andrea,

467 915 531 947 cfr.
552 913 596 958 n.]
642 914 759 946 Petrus
787 914 827 946 de
852 913 942 946 Stain
970 914 1040 956 pbr.
1062 915 1102 947 de
1126 915 1265 947 Medlico
1290 918 1322 947 et
1345 915 1401 948 cfr.
1419 927 1448 948 n.
1494 916 1657 948 Iohannes
1680 916 1816 948 Hueber

466 966 506 999 de
521 965 799 1008 Werthersgaden
814 965 884 1007 pbr.
903 969 936 997 et
951 966 1008 998 cfr.
1025 977 1054 998 n.
1093 966 1133 997 D.
1147 966 1307 1008 Georgius
1323 967 1487 999 Tannczer
1503 977 1545 999 ex
1560 967 1658 999 mon¹⁰
1674 967 1698 998 s¹
1714 966 1815 999 Seno-

465 1017 551 1060 nied)
570 1018 640 1059 pbr.
654 1020 687 1050 et
707 1017 762 1049 cfr.
776 1028 806 1049 n.
844 1017 1063 1049 Ewstochium
1084 1017 1162 1049 sm¹³⁸
1182 1018 1214 1049 in
1230 1018 1424 1059 Gmttwico,
1446 1029 1570 1050 consor.
1583 1030 1613 1051 n.
1654 1019 1816 1051 Iohannes

466 1069 571 1101 Wolff
591 1069 699 1100 senior
721 1068 761 1100 de
786 1067 823 1099 S⁰
839 1068 975 1100 Nicolao
1000 1072 1093 1101 extra
1116 1080 1224 1101 muros
1239 1069 1375 1102 Patavie
1399 1070 1468 1112 pbr.
1485 1074 1517 1102 et
1540 1071 1595 1102 cfr.
1612 1081 1643 1102 n.
1688 1070 1729 1104 D.
1746 1070 1816 1102 Ori·

466 1124 598 1152 stannus
613 1120 751 1162 Aspekh
774 1119 815 1152 de
833 1119 943 1152 Suben
965 1120 1035 1162 pbr.
1053 1123 1086 1152 et
1108 1121 1164 1152 cfr.
1181 1132 1212 1152 n.
1257 1121 1297 1153 D.
1315 1121 1478 1154 Iohannes
1501 1123 1608 1154 senior
1630 1122 1671 1155 de
1687 1121 1724 1154 8⁰
1739 1122 1815 1154 Flo-

465 1173 555 1204 riano
584 1171 654 1214 pbr.
680 1174 712 1204 et
741 1171 797 1203 cfr.
821 1182 851 1203 n.
899 1176 1085 1211 Wolfgangus
1114 1186 1168 1210 cv„
1200 1177 1234 1206 fr.
1253 1187 1280 1204 n.
1327 1178 1361 1204 D.
1378 1177 1516 1212 Georgius
1546 1178 1640 1206 senior
1666 1178 1700 1205 de
1723 1178 1815 1206 Sectis

466 1223 526 1258 pbr.
539 1225 568 1251 et
587 1223 635 1250 oft.
648 1232 674 1250 n.
687 1231 712 1250 a.
725 1223 823 1257 (15)41.

157 1272 198 1299 21.
259 1271 320 1298 XII.
333 1270 390 1298 kal.
417 1267 582 1299 Waltrat
612 1277 683 1298 sor.
706 1277 736 1298 n.
789 1266 999 1308 Sighardus
1028 1266 1108 1308 pbr.
1160 1265 1377 1309 [Heinricus
1407 1277 1477 1298 sac.
1504 1270 1541 1299 et
1570 1278 1611 1299 m.
1636 1272 1668 1298 s⁰
1695 1267 1815 1299 Marie

466 1319 629 1360 virginis
651 1318 688 1349 in
703 1317 1063 1359 Paumgartenperg
1086 1321 1125 1349 et
1148 1317 1212 1350 cfr.
1229 1317 1271 1360 n.]
1315 1318 1476 1351 Iohannes
1493 1318 1752 1351 Gundersdorfer
1775 1319 1816 1350 de

467 1370 653 1412 Newburga
673 1370 742 1411 pbr.
759 1372 793 1401 et
808 1370 864 1401 cfr.
881 1380 911 1400 n.
950 1369 990 1400 D.
1007 1369 1168 1401 Iohannes
1185 1369 1254 1410 pbr.
1272 1369 1526 1411 Novecellensis,
1550 1370 1713 1412 quondam
1729 1370 1816 1402 cele·

467 1422 579 1463 rarius,
609 1421 665 1453 cfr.
682 1433 712 1453 n.
759 1421 933 1453 Mauricius
956 1421 1045 1462 Kray
1068 1420 1137 1462 pbr.
1159 1421 1324 1462 secularis,
1354 1421 1440 1462 pleb.
1462 1422 1495 1452 in
1519 1421 1731 1464 Olderspach⁷
1762 1422 1817 1463 qui

468 1483 502 1505 se
525 1473 729 1505 comendavit
749 1472 952 1505 oracionibus
971 1472 1013 1503 n¹⁵
1029 1472 1261 1504 communibus.
1300 1472 1464 1504 Erhardus
1485 1473 1620 1514 funifex,
1644 1474 1699 1515 qui
1717 1476 1816 1505 testa-

466 1528 518 1557 tus
541 1528 590 1556 est
605 1524 697 1557 nobis
714 1527 732 1557 3
749 1524 804 1556 tal.
822 1529 858 1565 ογ,
882 1527 915 1557 et
938 1524 994 1556 cfr.
1012 1535 1042 1556 n.
1080 1524 1230 1556 Andreas
1246 1525 1435 1566 corrigiator
1457 1528 1490 1556 et
1508 1524 1563 1557 cfr.
1579 1536 1609 1557 n.
1647 1525 1817 1557 Diemudis

466 1576 528 1608 m¹¹⁸
551 1576 646 1608 monii
669 1576 693 1607 εἰ
713 1576 825 1608 Iacobi
852 1576 885 1607 in
906 1576 1062 1616 Wienna,
1093 1586 1217 1607 consor.
1233 1587 1263 1607 n.
1310 1576 1349 1607 D.
1367 1576 1516 1608 Matheus
1544 1577 1584 1608 de
1608 1576 1645 1608 80
1665 1576 1815 1608 Floriano

465 1628 535 1670 pbr.
558 1631 591 1660 ei:
617 1628 673 1660 cfr.
695 1639 724 1660 n.
771 1627 812 1659 D.
824 1627 1091 1660 Wartholomeus
1112 1627 1300 1659 Perkhman
1323 1627 1358 1659 Se
1380 1627 1559 1670 Dorothee)
1580 1628 1720 1660 Wienne
1745 1628 1815 1670 pbr.

468 1682 502 1711 et
525 1679 581 1712 cfr.
598 1691 628 1711 n.
674 1679 714 1712 D.
731 1679 930 1722 Augustinus
953 1679 1023 1721 pbr.
1041 1683 1074 1711 et
1096 1680 1202 1711 senior
1226 1679 1266 1711 de
1289 1679 1430 1720 Mellico,
1455 1679 1509 1711 cfr.
1527 1690 1556 1710 n.

156 1735 199 1764 22.
272 1735 319 1763 XI.
333 1735 389 1763 kal.
417 1731 650 1764 Herwordus
678 1731 723 1763 de
745 1730 979 1773 Egenburga
1007 1731 1085 1772 pbr.
1108 1734 1146 1762 et
1173 1731 1215 1762 fr.
1233 1742 1263 1762 n.
1313 1730 1534 1773 [Elyzabeth
1558 1736 1619 1762 ον’·
1641 1731 1678 1762 in
1700 1731 1816 1762 Walt-

464 1783 607 1814 hausen
631 1786 669 1815 et
692 1793 838 1815 consor.
855 1794 885 1814 n.
932 1782 1097 1814 Georius
1121 1782 1199 1814 dec.
1217 1782 1262 1814 de
1286 1782 1653 1824 Herczogenbmga,
1684 1782 1762 1824 pbr.
1780 1785 1818 1814 et

467 1835 532 1867 cfr.
549 1833 592 1877 n.]
640 1834 801 1866 Christina
823 1834 990 1874 Zellerrin,
1021 1835 1125 1875 Anna,
1153 1833 1358 1876 Magdalena,
1382 1833 1450 1865 m¹⁶⁸
1473 1833 1514 1865 de
1533 1833 1816 1876 Werthersgarnn,

465 1891 605 1918 consor-⁶⁸
628 1891 671 1917 n0.
717 1885 896 1927 Elyzabeth
925 1885 1011 1917 dicta
1033 1885 1194 1927 Ffalkynn
1222 1895 1283 1917 sor.
1305 1895 1351 1925 n.‚
1381 1895 1444 1926 que
1468 1885 1558 1917 dedit
1580 1885 1672 1917 nobis
1695 1887 1735 1917 20
1748 1890 1778 1916 u).
1792 1890 1816 1923 ᾧ.

466 1938 506 1970 Α.
524 1937 555 1969 (1.
576 1937 690 1980 (14)38
721 1937 838 1970 Petrus
866 1937 983 1979 Steger
1009 1938 1028 1969 l.
1053 1937 1093 1969 de
1121 1936 1319 1979 Neunburga
1349 1940 1382 1968 et
1409 1936 1575 1968 Dorothea
1605 1942 1658 1968 eva
1684 1936 1816 1968 ibidem.

467 1989 611 2021 Thomas
635 1989 675 2021 de
698 1989 944 2031 Reichensperg
967 1989 1037 2031 pbr.
1055 1992 1088 2021 et
1111 1989 1167 2020 cfr.
1183 1999 1212 2020 n.
1259 1988 1299 2020 D.
1315 1988 1487 2020 Udalricus
1509 1988 1600 2020 Karll
1623 1988 1692 2029 pbr.
1710 1988 1818 2019 senior

466 2041 497 2072 b.
514 2041 617 2073 Marie
641 2041 772 2083 virginis
800 2041 832 2072 in
854 2040 938 2082 Ror,
970 2041 1026 2072 cfr.
1043 2052 1073 2072 n.
1118 2040 1158 2071 D.
1175 2039 1336 2071 Iohannes
1361 2039 1605 2071 Scharnstainer
1627 2039 1696 2081 pbr.
1718 2038 1816 2071 Seco-

466 2093 593 2134 viensiS‚
618 2092 674 2124 cfr.
691 2103 722 2124 n.
767 2097 801 2124 D.
818 2097 958 2124 Iohannes
982 2096 1168 2131 Graeminger
1190 2096 1252 2131 pbr.
1269 2097 1299 2123 et
1321 2095 1415 2123 senior
1438 2096 1472 2123 de
1495 2095 1559 2128 Ror,
1584 2096 1633 2123 cfr.
1650 2105 1676 2123 n.

156 2147 200 2175 23.
280 2148 386 2176 X.kal.
414 2143 623 2176 Heinricus
650 2144 728 2186 pbr.
752 2147 789 2176 et
816 2144 857 2176 fr.
879 2155 909 2175 n.
959 2143 1199 2186 [Franciscus
1229 2143 1307 2185 pbr.
1332 2143 1376 2175 de
1399 2142 1751 2184 Herczogenburga
1780 2145 1817 2174 et

467 2195 531 2228 cfr.
555 2206 584 2227 n.
636 2195 887 2227 Bernhardus
918 2195 962 2227 de
992 2195 1159 2227 Medlico
1188 2194 1266 2236 pbr.
1290 2197 1327 2226 et
1357 2194 1420 2225 cfr.
1443 2193 1487 2236 n.]
1538 2194 1578 2226 D.
1601 2193 1816 2226 Wolfhardus

467 2247 554 2289 pleb.
571 2247 604 2278 in
620 2247 832 2289 Ohappellen‚
851 2247 921 2289 pbr.
939 2250 972 2279 et
987 2247 1024 2278 fr.
1042 2258 1084 2287 n.‚
1111 2248 1202 2278 1423.
1239 2245 1454 2278 Perehtoldus
1471 2247 1505 2277 et
1519 2245 1682 2277 Fridricus
1700 2244 1815 2277 Chers—

466 2309 583 2341 perget
606 2298 646 2330 de
664 2298 978 2339 Chrembsmunster,
1001 2298 1070 2340 pbr.
1087 2302 1120 2330 et
1140 2298 1195 2330 cfr.
1234 2298 1371 2330 Iacobus
1388 2297 1428 2329 de
1445 2297 1730 2329 Krembsmunster
1745 2296 1815 2338 pbr.

467 2352 500 2381 et
516 2350 571 2381 cfr.
587 2361 616 2382 n.
656 2349 793 2382 Georius
809 2360 879 2392 cap.
897 2350 990 2381 monii
1006 2350 1038 2381 in
1050 2349 1172 2390 Vorau,
1190 2349 1245 2381 cfr.
1258 2360 1288 2381 n.
1326 2349 1497 2381 Udalricus
1512 2348 1674 2389 menter,
1691 2347 1815 2380 Kathe-

466 2401 535 2433 rina
557 2412 611 2433 ux.
629 2411 695 2433 sua.
741 2401 927 2443 Margareta
951 2401 1100 2442 Offierin,
1131 2401 1259 2433 Martha
1282 2400 1462 2440 Harderin‚
1491 2399 1687 2442 Magdalena
1709 2399 1815 2431 Hant-

467 2452 656 2493 schusterin,
686 2453 770 2484 sm¹⁰⁵
793 2453 833 2486 de
857 2453 1054 2495 Newburga,
1079 2457 1218 2484 consor⁹⁸
1241 2457 1285 2493 ne,
1310 2451 1434 2494 (14)99.
1479 2451 1611 2492 Agatha
1634 2450 1814 2490 Schererin,

469 2504 641 2536 Anastasia
672 2504 941 2545 Elsendarfferin,
976 2504 1144 2536 Dorothea
1173 2503 1454 2545 Pabenbergerin,
1488 2502 1566 2544 (ΠΜ,
1600 2507 1740 2534 consor⁰⁸
1771 2507 1815 2534 n0.

467 2554 510 2581 Fr.
521 2554 671 2582 Udalricus
689 2565 724 2583 m.
738 2555 767 2582 in
781 2556 974 2590 Altenwurgh,
993 2555 1053 2590 pbr.
1068 2557 1096 2582 et
1115 2555 1163 2582 cfr.
1176 2564 1202 2581 n.
1233 2555 1263 2581 D.
1277 2554 1384 2588 Caspar
1396 2554 1430 2581 de
1444 2554 1476 2580 S⁰
1489 2554 1595 2581 Zenone
1609 2553 1670 2588 pbr.
1684 2555 1712 2581 et
1726 2553 1774 2580 cfr.
1787 2563 1815 2581 n.

261 2669 285 2703 ὓ)
310 2670 335 2696 Ι.
353 2679 373 2696 e.
392 2671 530 2697 Tirnstain.
651 2670 678 2704 b)
707 2671 819 2705 Com-iq..-
849 2671 995 2697 Pancraoio.
1044 2696 1053 2703 ,
1117 2673 1140 2701 c)
1166 2671 1298 2696 confersus
1325 2670 1381 2696 cod.
1505 2669 1530 2702 d)
1557 2669 1669 2703 Corri9.:
1697 2671 1815 2697 Zenonis.

161 2712 184 2746 e)
204 2713 317 2747 Corriq.:
334 2715 470 2740 Dorothee.

264 2795 283 2828 ι)
303 2797 475 2822 1471—1492.
582 2796 604 2828 ²)
624 2795 737 2821 Blasius
755 2794 944 2828 Rosenstinqel‚
964 2801 1038 2827 ppos.
1052 2792 1252 2826 Ranshofenus,
1271 2793 1309 2820 ob.
1324 2797 1400 2827 1504,
1419 2793 1476 2820 dies
1495 2801 1551 2820 non
1570 2795 1681 2821 constat.
