2150 3178
309 219 376 252 582

589 216 858 245 NECROLOGIUM
876 216 1175 245 FRATERNITATIS
1191 217 1218 246 S.
1231 217 1392 246 MARTINI
1411 217 1452 246 IN
1472 218 1699 247 IUDENBURG.

417 305 470 332 Pro
489 304 600 332 Mathia
617 305 652 332 de
669 304 703 332 S⁰
716 304 868 332 Leonardo.

416 348 470 375 Pro
489 347 633 376 Dietmaro
653 348 687 375 de
706 347 885 384 Schenfling.

416 391 470 418 Pro
489 391 598 419 Ortolfo
618 390 849 426 Reyffenstainer.

418 434 471 462 Pro
490 434 634 462 Dietmaro
653 434 831 470 Lobminger.

416 478 471 506 Pro
490 478 522 505 (10
542 478 710 506 Perchtoldo
729 478 810 514 pleb⁰
829 478 859 505 in
878 478 1010 506 Mueraw.

417 521 470 548 Pro
489 521 522 548 (10
541 521 644 549 Ottone
663 521 697 549 de
716 521 885 557 Iudenburg.

417 564 470 591 Pro
489 564 522 591 (10
540 564 636 592 Ulrieo
655 564 791 599 Krayner.

417 607 471 634 Pro
489 607 522 634 (10
540 607 674 635 Hainrieo
693 607 776 643 plebo
794 608 825 635 in
844 607 1032 635 Reiohenfels.

417 651 471 678 Pro
489 651 522 678 (10
541 651 666 679 Iohanne
685 651 767 686 pleb⁰
786 651 815 678 in
834 650 1023 679 Knuetelfeld.

417 694 471 722 Pro
490 694 522 721 (10
541 694 668 722 Conrado
687 694 770 730 pleb⁰
789 694 819 721 in
838 694 938 729 Pyber.

417 737 471 765 Pro
490 738 522 764 (10
542 737 665 765 Iohanne
682 737 854 765 Vanntorffer
871 737 954 772 pleb⁰
972 737 1002 764 in
1020 737 1099 766 Gonu.

417 780 472 808 Pro
490 780 523 807 d0
542 781 701 808 Hermanno
720 780 947 808 Phaffendorffer.

416 824 470 851 Pro
490 824 615 851 Iohanne
633 823 861 852 Phaffendorffer.

417 867 470 894 Pro
489 866 521 894 (10
541 866 684 894 Friderioo
703 867 815 895 Stadler
833 867 916 902 pleb⁰
935 867 965 895 in
983 867 1144 896 Combentz.

417 910 470 937 Pro
490 909 613 938 Iohanne
634 909 757 938 Goeldel.

417 953 470 980 Pro
489 953 522 980 (10
540 953 675 981 Hainrico
694 953 715 980 F
716 954 883 989 rewssinger
902 954 983 989 pleb⁰
1002 953 1031 981 in
1050 953 1196 989 Lobming.

417 997 470 1024 Pro
488 997 521 1023 (10
541 997 632 1024 Leone
650 996 752 1024 Gaeler
771 997 806 1025 de
824 997 988 1033 Maeaeweg.

415 1040 470 1068 Pro
489 1039 617 1068 Conrado
635 1040 784 1068 Muerezer.

416 1084 470 1111 Pro
490 1084 627 1112 Reichero
642 1083 756 1111 Verber.

416 1127 470 1154 Pro
488 1127 521 1154 (10
541 1126 682 1155 Friderieo
701 1126 833 1154 Phuntan
851 1127 934 1162 plebo
954 1126 982 1154 in
1002 1126 1170 1162 Iudenburg.

415 1170 470 1198 Pro
490 1170 612 1197 Rudolfo
631 1169 870 1198 Plankenwarter.

416 1213 471 1241 Pro
490 1213 522 1240 d⁰
541 1213 645 1241 Ottone
664 1213 699 1241 de
718 1213 831 1241 Tribaw
851 1219 919 1248 capo
938 1219 971 1240 n⁸
989 1212 1188 1242 fraternitatis.

417 1257 471 1284 Pro
490 1257 652 1284 Eberhardo
665 1256 821 1291 Weynater
839 1257 874 1284 de
893 1256 1020 1285 Obdaeh.

416 1300 470 1327 Pro
488 1300 521 1327 (10
541 1300 665 1328 Iohanne
684 1300 766 1336 pleb⁰
786 1300 815 1327 in
828 1299 983 1335 Veystriez.

417 1344 470 1371 Pro
488 1343 521 1370 (10
539 1343 659 1378 Symone
679 1343 760 1378 pleb⁰
779 1342 808 1370 in
829 1343 955 1371 Obdaoh.

417 1387 471 1414 Pro
489 1387 522 1414 (10
541 1386 662 1414 Nieolao
681 1386 762 1421 plebo
780 1386 809 1414 in
828 1386 984 1414 Stalhofen.

417 1430 470 1457 Pro
489 1429 522 1456 (10
542 1429 665 1457 Iohanne
684 1429 843 1463 Lungawer
860 1435 930 1464 eap⁰
948 1434 980 1456 ιι·
998 1429 1195 1458 fraternitatis.

417 1472 471 1500 Pro
490 1472 610 1500 Nicolao
628 1472 665 1500 ab
684 1472 733 1500 der
752 1472 908 1500 Mawtetat.

417 1516 471 1543 Pro
489 1516 522 1543 (10
540 1515 684 1544 Friderico
703 1515 785 1550 pleb⁰
804 1515 832 1542 in
852 1515 902 1543 der
916 1515 1070 1550 Veyntriez.

417 1560 471 1587 Pro
489 1560 522 1587 (10
541 1559 630 1587 Paulo
650 1565 718 1594 oap⁰
737 1559 763 1586 d*
783 1559 923 1594 Ranmng.

417 1602 471 1630 Pro
489 1602 522 1630 (10
542 1602 666 1630 Iohanne
685 1601 784 1630 Swevo
802 1602 879 1630 socio
897 1602 925 1629 in
945 1602 1113 1638 ludenburg.

418 1646 471 1673 Pro
490 1645 522 1673 (10
540 1645 667 1674 Iohanne
685 1645 768 1680 pleb⁰
787 1645 817 1672 in
837 1645 1009 1681 Uebelpach.

418 1689 471 1716 Pro
490 1689 624 1716 Hainrico
644 1689 740 1717 Iuedel
759 1689 794 1716 de
806 1689 968 1724 Voitsperg.

418 1733 472 1760 Pro
491 1732 593 1760 Iacobo
612 1732 646 1760 de
661 1731 830 1767 Voytsperg.

418 1775 472 1803 Pro
490 1776 523 1802 (10
543 1775 644 1803 Georio
664 1775 832 1803 Moswalder
850 1781 918 1811 capo
937 1781 970 1803 nv
988 1775 1184 1804 fraternitatis.

417 1818 471 1845 Pro
489 1819 522 1846 (10
541 1818 713 1846 Wolfhardo
731 1823 800 1853 eap⁰
818 1818 901 1846 istius
920 1818 1087 1847 Hannawer.

418 1862 472 1890 Pro
491 1862 523 1889 (10
542 1861 668 1890 Conrado
687 1862 721 1889 de
739 1861 939 1897 Heyligenstat
957 1861 1039 1897 pleb⁰
1058 1862 1087 1890 in
1106 1863 1223 1891 Treven.

418 1905 472 1933 Pro
491 1905 592 1933 Geor-io
612 1904 843 1940 Reyffenstainer.

418 1948 472 1975 Pro
490 1948 629 1983 Erkiuger
646 1947 798 1983 Mosinger.

418 1992 471 2018 Pro
491 1992 523 2018 (10
543 1992 626 2019 Petro
646 1992 784 2027 Ramnng.

419 2035 472 2063 Pro
491 2035 524 2062 (10
543 2035 655 2062 Andrea
674 2035 755 2070 pleb⁰
774 2035 803 2062 in
817 2035 972 2070 Veystriez.

419 2079 473 2106 Pro
492 2079 524 2105 (10
543 2078 660 2106 Ernesto
678 2078 771 2106 milite
789 2078 824 2106 de
844 2078 990 2114 Lobming.

420 2123 473 2149 Pro
491 2122 524 2148 (10
543 2122 678 2149 Hainrieo
696 2122 778 2157 pleb⁰
796 2122 827 2148 in
845 2122 974 2156 Gaystal.

419 2165 473 2192 Pro
492 2165 524 2192 (10
544 2165 664 2192 Nicolao
682 2165 764 2200 plebo
783 2165 811 2192 in
831 2165 949 2192 Treven.

419 2208 474 2235 Pro
492 2208 524 2235 (10
543 2208 668 2236 Iohanne
687 2209 813 2244 Herezog
831 2209 912 2243 plebe
932 2209 961 2235 in
981 2208 1167 2236 Reichenfels.

419 2252 473 2278 Pro
491 2252 524 2278 (10
543 2251 645 2279 Georio
665 2251 830 2279 Hannawer.

420 2294 474 2321 Pro
492 2295 524 2321 (10
544 2294 692 2321 cristanno
711 2294 787 2321 socio
806 2294 835 2320 in
855 2293 982 2322 Obdaeh.

419 2338 473 2364 Pro
491 2337 523 2364 (10
543 2337 667 2365 Iohanne
686 2337 785 2365 Pawer
803 2338 885 2372 pleb⁰
904 2338 934 2364 in
952 2337 1070 2365 Holeck.

418 2380 472 2407 Pro
491 2380 635 2415 Stephano
655 2380 793 2407 Chuemer
810 2380 840 2407 in
859 2380 1028 2415 ludenburg.

419 2424 473 2450 Pro
491 2423 524 2450 (10
542 2423 708 2451 Meinhardo
727 2424 810 2458 pleb⁰
828 2423 859 2450 in
877 2424 990 2458 Kapell.

419 2466 473 2494 Pro
492 2467 524 2493 (10
543 2466 669 2494 Helwico
688 2467 770 2501 pleb⁰
789 2467 818 2493 in
837 2467 982 2502 Tragoess.

419 2510 473 2536 Pro
493 2509 525 2536 (10
543 2509 678 2536 Hainrico
696 2509 778 2544 pleb⁰
798 2509 827 2536 in
847 2509 1008 2544 Chaynaeh.

419 2552 473 2579 Pro
493 2553 525 2579 (10
544 2553 669 2580 Iohanne
687 2552 777 2580 Cholb
796 2552 878 2587 pleb⁰
897 2552 927 2579 in
944 2552 977 2580 S⁰
996 2553 1105 2581 Georio.

420 2597 472 2623 Pro
491 2596 524 2622 (10
542 2596 658 2623 Matheo
677 2602 746 2630 cap⁰
764 2595 794 2623 in
814 2596 943 2624 Lewben.

419 2639 473 2666 Pro
492 2639 524 2665 (10
543 2638 716 2666 Wolfhardo
734 2638 816 2673 plebo
835 2638 864 2665 in
883 2638 1060 2666 Choefflaoh.

419 2682 473 2708 Pro
491 2682 525 2708 (10
543 2681 702 2709 Hermanno
721 2682 862 2709 Muerozer
880 2681 962 2716 pleb⁰
981 2681 1010 2708 in
1029 2681 1154 2710 Obdach.

419 2725 473 2752 Pro
491 2725 626 2752 Hainrieo
645 2734 699 2752 von
717 2725 792 2752 Sand
811 2725 927 2752 Mareia.

419 2767 473 2794 Pro
492 2767 524 2794 (10
543 2767 683 2795 Michaele
701 2767 791 2795 Senfft
809 2768 844 2795 de
861 2767 979 2794 Prueck.

420 2810 474 2837 Pro
491 2810 525 2837 (10
544 2811 655 2837 Andrea
673 2811 755 2846 pleb⁰
774 2811 802 2837 in
822 2811 871 2838 der
889 2810 1048 2838 Fewstriez.

422 2853 475 2879 Pro
494 2853 527 2879 (10
545 2854 668 2881 Iohanne
687 2859 773 2888 ppos0
792 2854 822 2880 in
841 2854 977 2889 Lueding.

1997 702 2024 724 1⁰

1998 917 2024 938 18
