2150 3178
363 182 428 213 488

366 357 408 384 17.
450 357 524 384 XVI.
537 356 595 383 kal.

368 660 410 689 18.
467 661 527 688 XV.
539 661 598 688 kal.

369 1076 410 1103 19.
459 1075 532 1102 XIV.
545 1074 601 1101 kal.

370 1579 412 1606 20.
458 1577 535 1605 XIII.
547 1577 605 1604 kal.

371 1942 414 1969 21.
470 1942 532 1969 XII.
545 1941 604 1968 kal.

373 2245 416 2271 22.
489 2243 536 2270 XI.
550 2243 607 2269 kal.

767 177 1037 208 NECROLOGIUM
1056 177 1248 206 CANONIAE
1265 177 1315 205 AD
1333 177 1360 206 S.
1372 176 1625 205 HIPPOLYTUM.

678 265 723 292 Fr.
735 265 916 293 Leonhsrdus
928 274 963 292 m.
977 265 1013 292 ad
1026 264 1123 292 Scotos
1135 264 1264 295 Wienne,
1282 263 1344 298 pbr.
1357 264 1387 291 81
1405 263 1453 291 cfr.
1466 272 1493 291 ιι.
1524 263 1605 290 Anna
1617 263 1675 290 mu·
1688 263 1722 290 de
1735 263 1866 296 Codbico‚
1884 271 1989 292 consor.
2001 273 2029 292 u.
2061 265 2067 270 “

676 308 709 335 D.
722 308 852 335 Urbanus
870 308 905 336 de
918 308 1164 335 Khremsmunster
1181 307 1243 342 pbr.
1255 309 1286 334 81
1298 306 1346 334 cfr.
1359 315 1387 334 ιι.
1418 306 1463 334 Fr.
1473 306 1598 334 Andreas
1610 305 1645 333 de
1659 305 1815 342 Tegei-uses
1827 306 1889 342 pbr.
1902 308 1933 335 81
1945 306 1993 334 cfr.
2002 316 2030 335 ιι.

625 351 786 384 Elbinus
808 362 859 384 cv,
881 355 919 384 et
942 352 984 384 fr.
1005 362 1035 384 n.
1081 350 1295 384 Leutoldus
1318 350 1396 392 pbr.
1418 354 1457 383 et
1479 350 1522 382 fr.
1539 360 1569 382 ιι.
1616 349 1834 393 [Heinricus
1860 350 1960 393 pleb.
1984 350 2030 383 de

678 403 719 436 8⁰
734 403 978 445 Leunhardo,
1002 404 1066 435 cfr.
1083 414 1114 435 ιι.
1153 402 1341 435 Martinus
1363 412 1468 444 ppos.
1486 403 1523 434 in
1539 401 1677 434 Stencz
1687 402 1725 446 ²),
1749 402 1827 445 pbr.
1844 405 1882 435 81
1905 401 2030 446 81ϊ.ιι.]

677 456 839 488 Iohannes
856 456 925 488 dec.
943 456 984 488 de
997 455 1127 496 Varaw,
1143 455 1214 497 pbr.
1232 457 1265 486 et
1281 454 1338 486 cfr.
1376 453 1430 486 Fr.
1442 454 1593 487 Andreas
1608 454 1650 487 de
1666 454 1704 487 S·
1715 453 1830 496 Cruce,
1846 465 1911 487 sac.
1928 457 1961 487 81
1975 465 2030 496 ιιι.,

678 508 735 540 cfr.
751 519 781 541 n.
827 507 1003 540 Ekkardus
1025 508 1066 540 (18
1082 505 1383 549 Herczogenburga
1405 505 1475 548 pbr.
1492 509 1527 539 et
1543 506 1600 538 cfr.
1615 517 1647 538 ιι.
1692 505 1734 538 D.
1750 505 1872 549 Symon
1887 506 2031 539 Heindel

679 561 756 593 olim
780 571 871 602 ppos.
888 559 1133 602 Neuburgensis
1142 558 1185 602 ²),
1213 559 1271 590 cfr.
1287 569 1317 590 n.
1363 563 1396 590 D.
1413 563 1601 599 Wolfgaugus
1624 563 1711 591 Grosz
1734 563 1764 591 in
1786 563 1945 599 Tegsrnsee
1966 563 2030 598 pbr.

679 614 708 639 81
726 611 775 638 cfr.
788 620 814 638 n.
851 611 884 638 D.
897 611 1036 638 Iohannes
1055 610 1089 637 de
1107 610 1141 637 S·
1152 610 1238 637 eruce
1258 618 1308 641 cv„
1328 609 1388 644 pbr.
1402 610 1432 636 81
1451 609 1499 637 cfr.
1512 618 1539 636 ιι.

628 655 840 687 Amelunch
864 665 916 686 cv.
934 657 972 686 81
991 654 1033 686 1“ι·.
1050 665 1080 686 ιι.
1118 653 1325 686 Heinricus
1341 653 1387 685 de
1403 652 1579 694 Secovia,
1603 652 1682 695 pbr.
1700 656 1738 685 81
1753 653 1818 685 cfr.
1835 664 1866 685 n.
1902 652 2031 686 Wern-

679 706 819 739 hardus
847 706 975 748 puer·)
999 705 1044 738 de
1067 705 1108 738 8⁰
1123 705 1319 744 Floriano,
1351 705 1415 737 cfr.
1437 715 1467 736 ιι.
1514 703 1750 748 [Leupoldus
1777 705 1855 748 pbr.
1877 707 1915 738 81
1941 704 1983 737 fr.
1999 716 2030 737 n.

677 758 855 800 Petrusb)
879 757 924 790 de
944 757 1270 800 Berthersgadem
1293 756 1373 799 pbr.
1389 761 1428 789 et
1451 756 1516 789 cfr.
1532 767 1562 788 n.
1607 756 1805 789 Fridrious
1827 767 1900 789 sac.
1917 759 1955 790 et
1977 766 2031 799 m.‚

680 809 744 842 cfr.
767 821 798 841 n.
850 809 1058 842 Hainricus
1087 819 1160 841 sac.
1180 808 1226 841 de
1257 808 1398 851 Campo
1428 808 1612 850 liliorum,
1645 808 1709 840 cfr.
1733 808 1778 850 n.]
1828 808 1870 841 D.
1893 807 2033 841 Georius

676 861 803 904 Perger
826 861 866 894 de
879 861 1096 894 Walthausen
1111 861 1211 903 (can.)
1228 863 1262 892 81
1277 859 1333 893 cfr.
1349 871 1380 892 ιι.
1418 860 1459 893 D.
1475 860 1685 893 Bernhardus
1709 860 1750 893 de
1765 860 1855 893 Roer
1873 859 2031 903 archieps.

680 913 948 956 Saltzpurgensis,
971 913 1041 955 pbr.
1086 913 1112 955 ⁰)
1120 913 1160 945 D.
1173 913 1404 946 Pernnhardus
1425 913 1465 946 de
1481 913 1571 946 Roer
1585 913 1744 956 archieps.
1761 918 1790 945 ε’
1807 913 1894 946 sedis
1909 913 2032 946 Salac-

678 966 848 1008 burgensis
857 965 899 1007 3),
930 965 1013 1007 prof.
1035 965 1129 997 mon¹¹
1151 965 1181 997 n¹
1203 967 1237 997 et
1263 965 1302 997 fr.
1322 976 1353 997 n.
1374 965 1660 1008 quinquagesimus
1689 968 1822 1007 quartus
1848 965 1882 997 in
1909 965 2032 1008 ordine,

678 1017 831 1050 infulatus
858 1019 950 1058 1467,
975 1017 1026 1049 ob.
1047 1018 1140 1058 1491,
1163 1018 1214 1049 21.
1231 1016 1384 1049 Ianuarii.

629 1069 735 1113 Egno
759 1069 836 1111 pbr.
854 1072 892 1101 81
914 1069 956 1101 fr.
972 1079 1004 1101 ιι.
1041 1068 1238 1102 Dietricus
1253 1068 1353 1111 pleb.
1371 1068 1417 1101 de
1432 1067 1616 1112 Qhotans,
1640 1068 1786 1100 oblatio
1803 1070 1848 1101 60
1860 1073 1886 1107 ο).
1924 1067 2032 1112 [Mar-

681 1122 785 1153 tinus
808 1121 912 1163 dyac.
931 1120 1098 1153 ecclesie
1121 1121 1157 1152 in
1180 1120 1430 1152 Walthausen
1454 1122 1491 1152 81
1514 1119 1578 1152 cfr.
1595 1130 1624 1152 ιι.
1670 1119 1869 1152 Fridricus
1891 1120 1969 1163 pbr.
1987 1120 2032 1153 de

679 1173 846 1206 Medlico
878 1176 916 1205 et
945 1173 1009 1205 cfr.
1033 1172 1076 1215 n.]
1127 1172 1290 1204 Iohannes
1317 1171 1528 1214 Epelhawser
1557 1171 1627 1214 pbr.
1653 1174 1687 1203 81
1713 1182 1783 1204 can.
1806 1172 1839 1204 in
1860 1171 2033 1205 Perthers-

681 1225 800 1268 gadem
828 1228 862 1257 81
889 1225 945 1257 cfr.
967 1235 997 1256 n.
1043 1223 1221 1267 Gregorius
1243 1224 1313 1266 pbr.
1335 1223 1540 1256 Gotbicensis
1563 1226 1597 1256 81
1619 1223 1675 1256 cfr.
1694 1235 1725 1256 ιι.
1770 1223 1968 1256 Benedictus
1991 1223 2033 1257 de

681 1277 835 1310 Gottbico
859 1276 928 1319 pbr.
953 1279 986 1309 et
1009 1276 1065 1308 cfr.
1081 1287 1111 1308 ιι.
1157 1275 1336 1318 Donatiod)
1360 1277 1400 1308 22
1424 1274 1664 1318 me(treterum)
1687 1276 1784 1307 tritici
1806 1286 1826 1308 a
1849 1275 1886 1308 (1ο
1907 1275 2034 1317 Palam,

679 1334 716 1362 ut
738 1339 844 1361 annua
866 1328 1024 1360 memoris.
1045 1327 1204 1360 habeatur
1224 1327 1311 1370 mag¹
1332 1327 1467 1359 Henrici
1488 1327 1606 1359 notarii
1628 1327 1686 1359 sui.
1723 1326 1765 1360 D.
1781 1327 1938 1360 Martinus
1957 1327 2034 1360 olim

681 1382 751 1414 dec.
772 1380 901 1413 nomine
925 1379 1126 1420 Kchrenner,
1148 1379 1186 1412 fr.
1202 1390 1232 1412 n.
1249 1382 1323 1420 etc„
1347 1389 1375 1411 a.
1392 1378 1423 1411 d.
1444 1379 1534 1411 1486.
1578 1378 1618 1411 D.
1635 1378 1798 1411 Iohannes
1819 1378 1970 1412 Puecher
1993 1378 2034 1412 de

680 1433 866 1475 Newburga
892 1432 962 1474 pbr.
979 1434 1013 1464 81
1036 1431 1092 1464 cfr.
1109 1442 1140 1464 n.
1184 1431 1238 1464 Fr.
1255 1431 1444 1464 Walthasar
1467 1441 1525 1472 (ιιι,
1553 1441 1595 1462 ιιι.
1616 1431 1650 1463 ἰιι
1671 1430 1761 1464 Roer
1783 1434 1817 1464 81
1839 1431 1896 1464 cfr.
1911 1442 1942 1464 n.
1987 1435 2034 1464 Fr.

683 1484 806 1511 Michael
824 1484 886 1519 pbr.
899 1485 928 1511 81
942 1493 978 1510 ιιι.
991 1484 1026 1510 (18
1038 1483 1072 1511 S·
1081 1482 1178 1515 Grues,
1197 1483 1245 1510 cfr.
1258 1491 1285 1510 ιι.
1321 1482 1353 1510 D.
1367 1482 1490 1510 'rhomae
1503 1482 1614 1510 Gloster
1631 1491 1692 1510 can.
1705 1481 1736 1509 iu
1750 1482 1954 1518 Hemmburgs,
1973 1482 2035 1518 pbr.

683 1531 712 1556 81
731 1529 778 1556 cfr.
791 1537 819 1555 n.
854 1528 887 1555 D.
902 1527 1083 1555 Leonbardus
1101 1526 1302 1554 Khalczkhoch
1320 1526 1382 1562 pbr.
1394 1524 1569 1554 Secoviensis
1587 1527 1617 1553 81
1635 1526 1684 1553 cfr.
1697 1534 1723 1552 n.

632 1572 847 1605 Ruedolfus
871 1572 949 1604 dec.
966 1583 997 1603 n.
1036 1571 1159 1603 'sueta
1181 1576 1243 1603 cv·
1262 1574 1301 1603 et
1321 1581 1392 1603 sor.
1408 1581 1438 1602 n.
1477 1569 1679 1602 Diemudis
1698 1570 1739 1610 1⁸,
1763 1569 1910 1602 oblatio
1930 1572 1949 1602 5
1964 1570 2035 1612 sta).

684 1624 849 1656 Thomas
864 1623 942 1666 pbr.
959 1627 997 1655 81
1012 1623 1054 1655 fr.
1069 1634 1099 1654 ιι.
1134 1623 1293 1665 Magnus
1308 1622 1386 1664 pbr.
1403 1625 1442 1654 81
1457 1622 1498 1654 fr.
1515 1632 1546 1654 ιι.
1581 1620 1754 1664 [Iacobus
1769 1621 1848 1664 pbr.
1867 1621 2034 1654 ecclesie

683 1676 711 1708 8ί
734 1675 909 1717 Nycolai,
942 1676 1007 1707 cfr.
1030 1674 1074 1718 n.]
1127 1674 1266 1707 Iodocus
1295 1685 1386 1716 ppos.
1411 1673 1452 1706 de
1476 1672 1513 1706 ΒΟ
1533 1673 1685 1706 Floriano
1697 1674 1739 1716 ⁴),
1769 1673 1839 1715 pbr.
1862 1676 1896 1705 81
1924 1672 1980 1706 cfr.
2003 1683 2035 1705 n.

682 1728 823 1760 Karalus
850 1728 926 1759 fam.
949 1738 994 1767 n.,
1023 1727 1186 1769 quondam
1209 1727 1326 1758 vinitor
1349 1727 1381 1757 in
1405 1725 1586 1767 Grinczing.
1631 1725 1812 1767 Elysabeth
1834 1723 1913 1757 smu'
1936 1723 2034 1757 Seco-

681 1780 811 1820 viensis,
836 1789 960 1811 consor.
977 1789 1006 1810 n.
1047 1777 1269 1821 sigismundus
1291 1788 1383 1820 ppos.
1400 1778 1433 1809 in
1449 1776 1559 1809 Suben
1569 1776 1607 1819 ⁵),
1630 1777 1700 1818 pbr.
1717 1780 1751 1809 81
1773 1777 1829 1809 cfr.
1846 1787 1876 1809 n.
1913 1776 1955 1809 D.
1970 1776 2035 1808 Ar-

683 1831 808 1864 baisser
823 1830 1117 1873 Hertzeburgensis
1132 1830 1203 1872 pbr.
1221 1833 1254 1862 81
1270 1829 1326 1862 cfr.
1341 1840 1372 1861 ιι.
1409 1829 1588 1861 Archacius
1604 1827 1777 1860 Stermnan
1793 1828 1863 1860 dec.
1876 1828 1910 1860 iu
1925 1827 2036 1860 Stentz

683 1888 717 1915 et
739 1883 795 1915 cfr.
813 1894 843 1915 n.
889 1887 1029 1923 Georgius
1052 1887 1196 1922 quondum
1218 1886 1282 1914 abb.
1300 1886 1330 1914 in
1353 1880 1645 1922 Kremsmuenste10)‚
1669 1885 1732 1920 pbr.
1749 1886 1779 1913 81
1801 1885 1852 1912 cfr.
1868 1894 1898 1912 ιι.

633 1936 724 1968 Otto
747 1935 846 1977 pleb.
867 1935 903 1966 in
927 1934 1196 1977 Chirichperg,
1219 1934 1296 1976 pbr.
1315 1936 1353 1965 81
1375 1933 1439 1965 cfr.
1456 1944 1487 1964 ιι.
1533 1931 1752 1975 [Heinricus
1774 1932 1852 1974 pbr.
1870 1931 2036 1964 ecclesie

685 1987 712 2019 si
728 1986 906 2028 Nicolay,
930 1986 994 2018 cfr.
1011 1997 1042 2018 ιι.
1080 1985 1312 2028 Magdalena
1336 1985 1438 2017 dicta
1461 1983 1796 2026 Taufenpigerine)
1820 1983 1895 2015 m¹¹·
1910 1982 2035 2016 88188-

684 2039 901 2082 purgensis,
924 2049 1068 2071 consor.
1085 2037 1130 2081 n.]
1167 2038 1330 2070 Iohannes
1351 2037 1454 2069 dictus
1469 2035 1683 2068 Pluernshain
1699 2035 1739 2067 de
1756 2034 1880 2077 Campo
1895 2035 2036 2067 liliorum

683 2091 754 2134 pbr.
772 2094 806 2122 et
828 2091 883 2122 cfr.
900 2101 930 2122 n.
975 2091 1133 2122 Martinus
1148 2089 1301 2122 Wenkch
1324 2089 1365 2121 de
1381 2087 1555 2120 Walthusa
1577 2087 1647 2129 pbr.
1669 2090 1702 2119 81
1725 2087 1781 2119 cfr.
1797 2098 1828 2118 n.
1874 2085 2036 2119 Steffanus

685 2143 726 2175 de
742 2142 866 2174 Zwetel
888 2142 958 2184 pbr.
976 2145 1010 2174 81
1025 2142 1081 2174 cfr.
1098 2153 1128 2173 n.
1166 2141 1340 2173 Heinricus
1356 2151 1403 2172 cv.
1420 2139 1626 2180 Mellicensis,
1650 2138 1707 2170 cfr.
1723 2149 1753 2170 n.
1792 2143 1836 2170 Fr.
1853 2142 2036 2171 Leonhardus

685 2193 798 2221 Hoelzel
818 2202 853 2220 111.
867 2193 896 2220 in
916 2193 1134 2227 Seyttensteten‚
1153 2193 1214 2227 pbr.
1227 2194 1256 2219 81
1275 2192 1324 2219 cfr.
1336 2192 1385 2226 ns)

635 2237 866 2280 Engelradis
892 2242 953 2268 cv⁸
977 2240 1015 2268 81
1041 2247 1111 2268 sor.
1133 2247 1162 2268 n.
1214 2235 1427 2278 sighardus
1452 2236 1542 2277 mil.,
1571 2236 1719 2268 oblatio
1750 2235 1897 2268 decime
1926 2236 2037 2268 unius

685 2289 791 2320 feodi
807 2289 962 2331 Aeving.
1000 2288 1198 2330 Irngardis
1213 2298 1272 2319 ux.
1289 2298 1364 2319 sua.
1401 2287 1627 2320 Ohunradus
1643 2289 1746 2319 cv.et
1766 2286 1849 2319 fr.n.
1887 2286 2036 2330 [Engel-

686 2340 861 2372 schalcus
884 2340 1010 2372 dictus
1026 2339 1125 2372 Gold
1149 2339 1316 2372 ecclesie
1339 2350 1364 2370 s.
1380 2339 1552 2381 Nycolay
1575 2339 1652 2382 pbr.
1670 2341 1708 2371 81
1723 2338 1786 2371 cfr.
1803 2349 1834 2370 ιι.
1872 2338 2037 2371 Thomas

687 2391 766 2424 (188.
784 2392 828 2423 (18
845 2392 1001 2433 Waraw,
1025 2392 1103 2434 pbr.
1120 2394 1158 2424 et
1181 2392 1245 2423 cfr.
1262 2403 1293 2423 n.
1338 2391 1447 2423 Vitus
1470 2391 1564 2425 diac.
1582 2391 1628 2423 de
1651 2390 1900 2432 Neunburga,
1924 2389 1988 2422 cfr.
2004 2401 2035 2423 n.

686 2443 881 2475 Fridricus
910 2454 983 2475 sac.
1005 2446 1042 2475 81
1068 2454 1125 2484 ιιι.,
1155 2444 1197 2475 fr.
1218 2442 1261 2486 n.]
1306 2442 1358 2474 Fr.
1375 2442 1564 2475 Waltherus
1590 2441 1632 2474 de
1655 2441 1779 2484 Campo
1803 2441 1942 2473 liliorum
1964 2441 2035 2483 pbr.

623 2532 627 2537 .
687 2499 719 2527 81
746 2495 802 2527 cfr.
823 2506 853 2526 n.
904 2495 957 2526 Fr.
973 2494 1112 2526 Iacobus
1140 2494 1181 2526 de
1204 2494 1322 2526 Melico
1350 2494 1420 2536 pbr.
1443 2496 1478 2526 81
1504 2493 1559 2525 cfr.
1576 2504 1607 2525 n.
1656 2493 1709 2525 Fr.
1725 2492 1898 2525 Ludwious
1925 2503 1973 2525 cv.
1995 2492 2037 2524 de

479 2613 503 2647 ⁸)
528 2613 583 2639 Vox
601 2621 685 2639 erasa.
792 2611 817 2644 b)
838 2612 959 2644 Sequitur
978 2612 1048 2636 locus
1066 2619 1150 2636 rasus.
1257 2610 1280 2644 ⁰)
1299 2611 1370 2636 Nota
1387 2611 1511 2643 sequentis
1528 2610 1640 2635 nominis
1657 2610 1820 2642 necroloqica
1837 2609 1932 2635 iterata
1950 2609 2035 2635 colors

376 2658 455 2683 rubro
469 2657 571 2690 scripta.

655 2654 679 2687 d)
698 2655 819 2688 Sequitur
831 2663 945 2680 erasum:
963 2655 1047 2679 XXX.
1058 2691 1061 2694 Α
1130 2653 1154 2685 8)
1172 2653 1246 2679 Fort.
1259 2654 1311 2679 vice
1323 2653 1564 2686 Taufenperigerin.
1646 2650 1666 2683 f)
1686 2651 1808 2685 Sequitur
1819 2660 1912 2678 ponzen
1923 2659 2036 2678 εναηνιη.

484 2730 503 2762 ι)
524 2728 569 2755 Ob.
582 2736 608 2755 a.
621 2728 728 2754 incerto.
822 2728 844 2759 ¹)
863 2726 958 2753 Simon
976 2726 1018 2752 ΙΙ.
1036 2725 1152 2752 Heundl
1169 2727 1339 2752 1452—1465.
1431 2725 1452 2757 ⁸)
1471 2723 1653 2750 Bemhardus
1670 2723 1712 2750 11.
1730 2731 1749 2750 a
1767 2723 1846 2750 Rohr
1864 2725 2041 2754 κᾶε-1482.

378 2772 399 2804 ⁴)
418 2771 532 2798 Iodocus
557 2771 724 2804 Pernschlaq
750 2773 921 2796 1407—1417.
1034 2771 1054 2802 ⁵)
1076 2768 1266 2803 Sigismundus
1292 2777 1310 2794 a
1332 2766 1502 2800 Pottendorf,
1529 2767 1566 2793 ob.
1590 2775 1616 2793 α.
1638 2769 1714 2799 1422,
1744 2765 1776 2793 de
1801 2765 1843 2793 die
1868 2765 2037 2796 discentium.

379 2815 401 2848 Β)
425 2814 555 2849 θεωρίας
573 2814 654 2848 Spatz
672 2821 694 2841 c.
709 2816 882 2840 1500—1505.
