2150 3178
0 2835 21 3178 r--v--v-›w-jr-r--w
0 2816 2 2818 .
11 2767 14 2770 .

553 177 820 206 NECROLOGIUM
839 177 1028 205 CANONIAE
1046 177 1095 204 AD
1113 177 1139 204 S.
1152 177 1403 205 HIPPOLYTUM.
1744 180 1807 210 549

461 265 565 297 dictus
588 265 790 296 Paulstorfer
813 275 881 296 can.
903 264 1163 306 Salczpurgensis
1187 267 1220 295 et
1243 264 1298 295 cfr.
1320 274 1350 295 n.
1397 263 1538 295 Thomas
1561 263 1714 295 Floezzcr
1737 264 1807 306 pbr.

459 316 743 357 Newnburgensis,
773 316 828 347 cfr.
846 327 876 347 n.
922 316 1082 347 Iohannes
1098 315 1258 347 Wuerffel
1281 326 1344 347 sac.
1361 315 1642 357 Newnburgensis‚
1673 316 1729 347 cfr.
1746 316 1806 358 n.¹·)

458 367 499 399 D.
517 366 655 398 Georius
677 367 928 409 Puesenperger
955 367 1023 409 pbr.
1042 370 1075 398 et
1097 366 1135 398 fr.
1152 378 1181 398 n.
1227 367 1389 398 Iohannes
1412 366 1640 399 Suebenschon
1664 367 1705 398 (16
1729 367 1806 399 Sec-

460 418 551 450 covia
579 418 648 459 pbr.
674 421 707 449 et
735 419 790 450 cfr.
807 429 837 450 n.
889 418 1050 450 Iohannes
1074 418 1311 459 Strawsperger
1339 418 1379 450 de
1403 418 1522 449 Voraw
1551 418 1620 460 pbr.
1644 423 1676 450 et
1703 419 1758 450 cfr.
1776 429 1806 449 n.

460 469 608 501 Andreas
624 469 749 511 Weger
772 469 827 501 cfr.
845 481 874 501 n.
892 480 920 501 a.
939 470 968 501 d.
986 470 1109 511 (12083.
1155 469 1226 511 D.¹¹)
1250 469 1359 501 Simon
1384 470 1490 501 senior
1512 470 1582 511 pbr.
1600 472 1632 501 et
1655 480 1696 501 m.
1714 469 1806 501 Med-

460 521 598 561 licensis,
622 521 679 552 cfr.
695 532 726 552 n.

132 575 193 605 24.
266 576 383 604 lX.kal.
410 572 609 604 Mehtildis
639 576 700 603 ον’
728 575 765 603 et
792 582 862 604 sor.
878 583 908 603 n.
959 571 1125 603 Pei-ohta
1154 572 1198 603 de
1222 572 1365 608 Varaw,
1396 582 1540 603 consor.
1558 582 1586 602 n.
1634 570 1807 614 [Thomas

460 623 504 655 de
517 623 715 655 Walthusa
738 623 816 664 pbr.
834 626 871 654 et
887 623 950 654 cfr.
967 634 996 654 n.
1043 623 1266 654 Chunradus
1283 623 1380 664 pleb.
1398 624 1434 654 in
1451 623 1490 654 S⁰
1506 624 1672 663 Zenone⁷
1696 622 1759 654 cfr.
1777 633 1806 653 n.

459 674 711 716 Wolfgangus
734 685 807 705 sac.
825 677 862 705 et
885 685 926 705 m.
945 674 988 705 de
1005 674 1162 714 Zwetla,
1186 675 1252 705 cfr.
1270 674 1314 716 n.]
1357 674 1609 716 ⁰)Stephanus‘1)
1626 684 1716 716 ppos,
1733 673 1807 715 n.¹),

391 731 397 736 “
458 726 528 768 pbr.
546 729 579 757 et
602 727 639 757 fr.
656 737 697 766 n.‚
722 737 749 757 a.
769 726 797 756 d.
820 728 910 757 1413.
957 725 1119 756 Fridrious
1143 736 1205 757 sac.
1225 729 1258 758 ct
1280 736 1321 757 m.
1339 726 1379 757 de
1402 726 1534 767 Zwetla,
1559 726 1614 757 cfr.
1632 737 1661 756 n.
1700 725 1807 756 Wolf-

458 789 583 820 gangus
611 777 652 809 (16
675 777 882 818 Newnburga
905 776 973 818 pbr.
998 781 1030 808 ct
1053 777 1108 808 cfr.
1125 788 1155 808 n.
1201 777 1323 809 Paulus
1347 778 1388 809 de
1411 778 1534 810 Zwetel
1558 778 1627 819 pbr.
1649 781 1682 809 ct
1704 778 1759 808 cfr.
1776 788 1806 808 n.

458 829 511 861 Fr.
525 829 743 870 Wolfgangus
758 828 955 860 Mellicensis
978 839 1025 859 cv.
1044 831 1077 860 et
1099 839 1140 859 m.
1159 831 1191 860 ct
1214 829 1269 860 cfr.
1289 840 1316 860 n.
1364 834 1516 869 Gregorius
1536 843 1616 868 ppos.
1633 835 1662 860 et
1681 834 1807 860 decreto·

460 889 521 907 rum
535 880 632 907 doctor
645 880 678 907 de
690 879 917 914 Berchtesgaden
926 881 954 912 ²).
975 879 1045 913 pbr.y
1064 879 1112 906 cfr.
1126 889 1151 906 n.
1188 879 1219 906 D.
1232 879 1393 906 Ambrosius
1407 880 1566 907 Pannonius
1580 880 1655 914 prior
1668 882 1697 907 et
1709 879 1806 910 senior,

460 923 520 958 pbr.
535 925 564 950 et
583 923 631 949 cfr.
644 932 669 949 n.
683 923 725 949 28.
739 922 908 949 Decembris.

150 970 192 998 25.
236 971 382 998 V111.ka1.
410 967 585 1009 Aywicus
613 977 718 1008 ppos.
744 966 910 997 ecclesie
939 965 964 996 si
988 966 1213 1007 Floriani3),
1245 966 1308 998 cfr.
1330 978 1359 998 n.
1405 966 1666 1009 [Danchardus
1689 977 1739 998 cv.
1762 966 1807 997 de

461 1018 603 1059 Campo
627 1017 821 1059 lilyorum‚
853 1018 915 1049 cfr.
933 1029 963 1048 n.
1009 1017 1206 1049 Fridricus
1229 1018 1354 1049 dietus
1377 1018 1642 1059 Algerstorfer
1669 1018 1746 1059 pbr.
1771 1021 1807 1049 et

461 1070 525 1102 cfr.
541 1081 572 1101 11.
617 1069 825 1101 Heinricus
849 1079 899 1100 cv.
917 1069 961 1100 de
979 1069 1120 1110 Campo
1144 1069 1338 1110 lyliorum,
1364 1070 1427 1101 cfr.
1446 1059 1497 1112 n.]*
1534 1070 1688 1102 Ernesms
1704 1070 1807 1101 dictus

459 1121 620 1153 Taechler
643 1121 683 1153 de
699 1121 906 1162 Newnburga
929 1121 998 1162 pbr.
1017 1124 1049 1152 et
1066 1121 1121 1152 cfr.
1139 1132 1168 1151 n.
1208 1120 1336 1152 Ulricus
1351 1121 1460 1163 Trapp
1479 1132 1568 1163 ppos.
1587 1124 1619 1152 et
1635 1121 1806 1152 archidiac.

459 1173 500 1205 de
524 1172 661 1204 Secovia
671 1173 713 1214 4),
744 1173 799 1204 cfr.
819 1183 849 1204 n.
902 1172 941 1203 D.
958 1172 1111 1204 Nicolaus
1140 1172 1243 1213 abbfl)
1267 1172 1462 1204 Mellicensis
1475 1173 1515 1214 ⁵),
1546 1173 1613 1214 pbr.
1637 1176 1670 1204 et
1699 1173 1754 1204 cfr.
1776 1183 1806 1203 n.

460 1225 640 1256 Katherina
658 1224 698 1255 de
714 1223 1010 1265 Bertholczgarden
1026 1234 1149 1256 consor.
1162 1235 1192 1254 n.
1231 1224 1401 1264 Iohannes,
1417 1225 1521 1265 Vstus,
1538 1225 1606 1266 pbri
1623 1224 1663 1256 de
1681 1223 1716 1255 δ’)
1732 1224 1807 1255 Flo-

461 1276 551 1307 riano
576 1279 609 1307 et
631 1276 703 1307 οὔθ’
718 1276 757 1306 n‘.
796 1275 979 1317 Stephanus
1000 1286 1080 1306 unus
1104 1275 1145 1307 de
1162 1275 1341 1307 senioribus
1356 1276 1424 1317 pbr.
1443 1280 1475 1308 et
1490 1288 1532 1308 m.
1551 1287 1591 1307 ex
1608 1276 1806 1318 Tegeensef)

462 1331 495 1359 et
518 1328 573 1358 cfr.
590 1339 620 1358 n.
665 1332 807 1367 Pinguesa
830 1332 865 1358 ad
881 1331 936 1358 snm
954 1332 1086 1358 Iacobum
1111 1341 1220 1358 consor.
1238 1341 1265 1358 n.
1310 1332 1342 1359 D.
1359 1332 1460 1359 Paulus
1484 1333 1578 1359 senior
1593 1333 1627 1359 de
1644 1332 1675 1359 S⁰
1691 1332 1807 1359 Nioolao

461 1379 540 1405 extra
558 1387 650 1405 muros
669 1378 788 1405 Patavie
806 1379 867 1412 pbr.
882 1380 909 1405 et
930 1378 978 1405 cfr.
992 1388 1016 1404 n.

150 1426 193 1453 26.
253 1425 312 1452 VII.
325 1425 382 1452 kal.
410 1421 659 1454 Reinwardus
687 1422 788 1464 pleb.
813 1425 850 1453 et
872 1422 914 1453 fr.
932 1433 961 1452 n.
1008 1421 1270 1464 [Marquardus
1295 1421 1371 1462 pbr.
1396 1421 1440 1452 de
1465 1421 1604 1462 Campo
1628 1421 1807 1462 lyliorum

461 1477 497 1505 et
520 1474 584 1505 cfr.
601 1485 631 1505 n.
670 1474 919 1516 Wolfgangus
941 1474 1020 1515 pbr.
1038 1473 1203 1505 ecclesie
1228 1473 1253 1503 si
1270 1473 1441 1515 Nycolay
1466 1476 1502 1504 et
1525 1473 1588 1504 cfr.
1606 1484 1636 1504 n.
1674 1473 1729 1515 Fr,
1745 1473 1807 1504 Ul-

459 1526 560 1557 ricus
583 1525 627 1557 de
645 1525 978 1557 Ohremsmunster
1001 1525 1077 1566 pbr.
1096 1528 1133 1556 et
1151 1525 1215 1556 cfr.
1232 1536 1262 1556 n.
1301 1525 1550 1566 Wolfgangus
1565 1525 1641 1565 pbr.
1660 1528 1697 1556 et
1713 1525 1806 1566 prof.

460 1577 505 1608 de
522 1577 810 1618 NValtchausen,
834 1578 897 1608 cfr.
914 1576 958 1619 n.]
1004 1577 1212 1608 Bernhardus
1228 1577 1304 1618 pbr.
1316 1576 1356 1608 de
1373 1576 1409 1607 Sa
1427 1576 1539 1615 Cruce.
1564 1576 1619 1608 cfr.
1633 1587 1662 1609 n.
1701 1576 1806 1608 Urba-

460 1639 519 1660 nus
542 1629 573 1669 l.,
598 1629 653 1660 cfr.
671 1640 700 1660 n.
745 1629 962 1669 Laureniuss)
987 1628 1060 1660 abb.
1078 1628 1119 1660 de
1136 1628 1282 1660 Gotwioo
1295 1628 1331 1670 ⁰),
1355 1628 1423 1669 pbr.
1442 1631 1475 1659 et
1498 1628 1553 1659 cfr.
1572 1639 1600 1659 n.
1647 1628 1808 1659 Iohannes

461 1690 507 1711 ov.
535 1691 576 1712 ex
606 1680 829 1721 Undenstorff,
864 1680 920 1712 cfr.
945 1692 974 1712 n.
1030 1681 1229 1722 Augustinus
1260 1680 1329 1722 pbr.
1356 1680 1395 1711 (16
1426 1679 1602 1711 Novacella
1632 1682 1665 1710 et
1696 1680 1751 1711 ofr.
1778 1691 1807 1710 n.

459 1731 490 1757 D.
504 1731 678 1766 Augustinus
697 1740 776 1765 ppos.
791 1731 948 1758 Unndensis
956 1732 981 1764 h)
990 1732 1020 1764 ⁷),
1041 1732 1100 1765 pbr.
1115 1733 1144 1758 et
1163 1732 1211 1758 cfr.
1226 1741 1250 1757 n.

150 1778 192 1805 27.
266 1778 312 1805 VI.
326 1779 382 1806 kal.
410 1774 601 1807 Gedrudis
635 1780 696 1807 cv*
723 1779 760 1807 et
790 1786 859 1806 sor.
883 1786 913 1807 n.
966 1775 1131 1817 [Ulricus
1160 1775 1238 1816 pbr.
1263 1775 1394 1806 domus
1423 1774 1449 1804 si
1472 1774 1658 1813 Floriani,
1691 1774 1754 1805 cfr.
1777 1785 1807 1805 n.

459 1827 622 1858 Iacobus
646 1837 697 1859 cv.
715 1827 759 1858 de
776 1827 1135 1869 Paungartenperg,
1161 1827 1225 1858 cfr.
1243 1838 1272 1858 n.
1311 1826 1501 1857 Iohannes
1518 1836 1588 1857 sac.
1606 1825 1649 1856 de
1667 1825 1807 1867 Campo

461 1878 655 1920 lyliorum,
687 1878 750 1909 cfr.
770 1889 801 1910 n.
851 1878 1110 1910 Perchtoldus
1137 1888 1209 1909 sac.
1235 1878 1278 1909 de
1303 1877 1444 1919 Campo
1469 1877 1664 1918 lyliorum,
1696 1877 1760 1908 cfr.
1778 1887 1807 1908 n.

461 1929 653 1971 Nycolaus
677 1940 727 1961 cv.
746 1930 1005 1971 Secoviensis‚
1030 1929 1097 1961 cfr.
1114 1929 1157 1972 n.]
1202 1929 1363 1961 Iohannes
1380 1928 1506 1959 Gruber
1530 1928 1598 1969 pbr.
1617 1928 1656 1959 de
1681 1928 1716 1959 S‘·
1731 1928 1808 1959 Flo-

461 1981 565 2022 riano,
597 1981 652 2013 cfr.
669 1993 699 2013 n.
749 1981 889 2013 Iodocus
915 1981 956 2013 de
979 1981 1047 2013 Ror
1074 1981 1142 2023 pbr.
1167 1984 1200 2013 et
1227 1981 1283 2012 cfr.
1300 1992 1329 2012 n.
1380 1979 1587 2011 Bernhardus
1611 1979 1740 2011 Schratt
1767 1980 1808 2010 de

460 2033 638 2075 Nuoburga
660 2033 730 2075 pbr.
748 2036 781 2065 et
803 2034 858 2064 cfr.
873 2044 902 2064 n.
944 2033 1113 2074 Philippus
1135 2043 1175 2064 ex
1192 2032 1399 2073 Altnnburgk
1416 2031 1484 2072 pbr.
1503 2035 1535 2062 ct
1551 2031 1605 2062 cfr.
1621 2041 1650 2061 n.
1689 2031 1728 2062 D.
1740 2031 1808 2062 An-

461 2084 557 2116 dreas
579 2084 685 2117 Hofer
708 2095 776 2117 can.
793 2085 825 2116 in
849 2084 973 2126 Stenoz,
997 2084 1067 2126 pbr.
1085 2088 1118 2116 et
1141 2084 1196 2116 cfr.
1213 2095 1242 2116 n.

152 2139 195 2168 28.
284 2141 317 2168 V.
329 2141 386 2168 kal.
412 2135 640 2168 Mehthildis
664 2141 725 2168 cv*
748 2139 785 2168 et
808 2147 878 2168 sor.
896 2147 926 2168 n.
972 2136 1133 2168 Iohannes
1157 2136 1260 2167 dictus
1277 2134 1515 2166 Strausstarffer
1531 2134 1571 2173 dc
1588 2134 1724 2165 Patavia
1739 2133 1808 2175 pbr.

462 2191 495 2219 et
516 2188 554 2219 fr.
571 2199 601 2219 n.
619 2199 647 2220 a.
665 2188 695 2220 (1.
715 2188 826 2230 1407ῑ)
849 2191 909 2220 etc.
927 2188 981 2219 cfr.
999 2199 1028 2219 n.
1071 2187 1253 2229 Stephanus
1275 2186 1390 2227 Steger
1414 2186 1453 2216 de
1469 2185 1719 2227 Reichersperig
1739 2185 1809 2226 pbr.

463 2243 496 2271 et
519 2240 574 2271 cfr.
591 2251 621 2271 n.
666 2240 820 2272 Nicolaus
843 2251 907 2271 sac.
926 2240 1079 2271 secularis
1095 2239 1226 2270 ibidem.
1272 2237 1478 2269 Bernhardus
1496 2236 1624 2268 Chernn
1640 2237 1660 2267 l.
1677 2236 1808 2268 ibidem.

461 2291 611 2323 Matheus
634 2292 814 2334 Meylinger
837 2292 878 2323 de
899 2291 1106 2333 Newnburga
1128 2291 1198 2332 pbr.
1216 2293 1249 2322 et
1272 2290 1327 2321 cfr.
1344 2300 1374 2320 n.
1395 2290 1485 2320 1458.
1530 2288 1625 2319 Anna
1640 2287 1808 2319 Mitternn—

463 2342 637 2374 dorfferinn
659 2343 722 2375 m¹¹⁸
745 2344 866 2375 ibidem
891 2346 924 2375 et
948 2354 1070 2374 consor.
1087 2354 1116 2374 n.
1163 2342 1286 2373 Ieorius
1310 2352 1356 2372 cv.
1381 2343 1413 2372 et
1436 2351 1477 2371 m.
1499 2339 1539 2370 de
1564 2339 1599 2370 δ’)
1621 2339 1752 2375 Quirino
1777 2342 1810 2371 et

463 2394 518 2426 cfr.
535 2405 565 2426 n.
611 2394 778 2427 conradus
802 2395 843 2427 de
860 2394 897 2427 Sa
913 2395 1016 2427 Cruce
1039 2394 1107 2436 pbr.
1127 2397 1159 2425 et
1182 2394 1238 2425 cfr.
1255 2404 1284 2424 n.
1330 2392 1486 2424 Martinus
1502 2390 1749 2422 Smucrnhueml
1769 2390 1808 2422 de

461 2445 699 2488 Herzognburg
724 2446 792 2488 pbr.
816 2449 849 2478 ei:
875 2447 930 2477 cfr.
948 2457 978 2477 11.
1023 2450 1175 2483 Petersehy
1198 2449 1290 2476 dictus
1315 2447 1532 2474 Falkhinnawer
1554 2446 1757 2481 prebendarius
1781 2448 1811 2473 et

257 2549 280 2582 ⁸)
303 2549 424 2582 Sequitur
441 2553 504 2575 nota
522 2558 606 2576 erasa.
695 2549 719 2582 b)
737 2550 859 2582 Sequitur
876 2550 1038 2576 exstinctum:
1056 2550 1179 2574 Andreas.
1268 2548 1291 2579 c)
1312 2547 1425 2578 Sequens
1440 2550 1501 2570 nota
1514 2545 1599 2570 colore
1612 2545 1690 2570 rubro
1703 2545 1808 2577 scripta.

153 2590 179 2624 d)
199 2591 320 2625 Sequitur
344 2592 415 2617 locus
437 2600 514 2617 rama
535 2593 627 2618 minor.
732 2591 756 2626 θ)
774 2593 838 2618 abas
861 2593 916 2618 cod.
1022 2590 1041 2623 f)
1062 2591 1175 2623 Com-19..-
1198 2592 1350 2623 'reget-uses,
1457 2587 1482 2621 Β)
1502 2587 1592 2619 Supra
1614 2588 1697 2613 locum
1720 2596 1809 2613 rasum

152 2635 283 2667 comptum.
321 2635 410 2661 Corra
426 2636 591 2662 Laurentius.
696 2635 721 2668 h)
743 2635 855 2668 Corriq.:
874 2635 1120 2660 Undensdorffensis.
1224 2632 1242 2664 i)
1261 2633 1296 2658 [η
1315 2633 1430 2665 margine
1448 2635 1601 2656 correctum:
1623 2632 1697 2656 1418.

259 2712 280 2744 ι)
299 2711 383 2738 Anno
400 2715 462 2739 1413
480 2712 697 2745 praeposituram
718 2711 865 2746 resiqnarit
888 2713 912 2737 et
931 2710 1002 2737 obiit.
1109 2711 1130 2742 ²)
1151 2708 1281 2741 Georyius
1301 2708 1406 2734 Raimr
1424 2710 1593 2734 1508—1522.
1701 2708 1721 2740 ³)
1740 2707 1809 2732 Ain-

153 2753 237 2780 wicus
254 2753 374 2780 Weizlan
392 2757 556 2781 1295-1313.
661 2756 681 2787 ⁴)
702 2758 871 2781 1382—1414.
979 2755 999 2786 ὅ)
1020 2752 1150 2779 Nicotaus
1168 2751 1306 2785 Seyrinyer
1329 2754 1496 2777 1418—1425.
1597 2751 1617 2782 ⁶)
1637 2753 1809 2776 1463-1481.

155 2797 177 2829 ⁷)
196 2799 366 2824 1493—1504.
