2150 3178
128 2062 170 2091 10.

450 182 692 210 MONUMENTA
710 181 968 210 NECROLOGICA
988 180 1479 211 CLAUSTRONEOBURGENSIA.
1755 186 1794 217 31

441 269 567 302 berch
590 269 696 311 pleb.
713 269 855 301 Sancti
874 269 974 301 Loci
996 268 1079 310 pbr.
1097 272 1137 300 et
1161 279 1254 311 can,
1278 269 1323 302 fr.
1341 281 1371 302 n.
1409 270 1560 302 Petrus
1582 269 1678 312 pbr.,
1703 280 1797 312 can.,

444 322 514 354 cfr.
531 333 560 354 n.
579 322 626 354 de
650 320 835 364 Secoaw]
873 321 926 363 (G)
963 320 1016 364 [D.
1033 320 1205 352 Udalricus
1220 321 1294 353 Rab
1317 321 1387 363 pbr.
1406 325 1439 353 et
1455 332 1524 353 can.
1542 321 1584 353 ad
1603 333 1627 354 s.
1641 322 1797 364 Magnum

443 374 631 416 Ratispone.
677 373 718 405 D.
731 373 949 415 Wolfgangus
973 383 1041 404 can.
1058 374 1153 404 monii
1168 374 1200 404 in
1216 373 1465 416 Reichersperg.
1510 374 1550 405 D.
1568 373 1710 406 Michael
1726 374 1796 416 pbr.

443 428 476 457 et
505 427 612 457 senior
641 425 674 456 in
696 423 787 468 Bon]
841 428 892 457 Ob.
910 429 937 456 d.
953 429 1071 456 Iacobus
1094 429 1160 458 abb.
1177 424 1262 457 monii
1286 429 1413 456 Ozziasii.
1465 430 1617 465 Georgius,
1646 430 1796 463 Iohannes,

443 476 576 508 Thomas,
603 485 697 503 omnes
720 476 782 511 pbr¹
801 475 890 503 Ozzie.
930 475 982 503 Ob.
1001 476 1027 503 d.
1046 476 1162 503 loannes
1181 476 1264 503 monii
1282 476 1383 507 Polan,
1409 476 1601 509 Leonhardus,
1624 477 1796 509 Ambrosius,

443 519 609 554 Leopoldus,
629 520 824 551 Colomannus,
843 519 988 550 Iohannes,
1008 519 1191 551 Rudbertum,
1211 528 1306 546 omnes
1324 519 1386 554 pbri
1406 520 1489 547 monii
1508 519 1605 547 Polan.

390 567 506 599 FAM.
530 567 587 610 (A)
610 567 834 600 Heinricus
854 567 1107 599 camerarius
1127 578 1157 599 n.
1196 567 1383 599 Ditricus
1406 568 1427 599 l.
1465 568 1601 599 Elleiz
1624 568 1645 600 l.
1686 567 1796 611 [Otto

442 623 644 662 cognatus
674 619 887 652 Ghristani
919 619 1036 651 dedit
1067 619 1258 651 redditus
1293 623 1306 651 1
1333 620 1431 661 tale)
1485 619 1582 652 Otto
1612 620 1717 662 pleb.
1750 620 1797 653 de

441 671 650 714 Huetzing
678 670 751 714 ob.]
788 671 842 714 (O)
876 675 939 702 Pbri
962 675 1113 702 seculares:
1143 675 1295 707 Steffiznus,
1323 675 1520 708 Elizakemon,
1548 676 1702 711 Annam),
1731 675 1798 703 esra1³

444 722 528 749 monii
546 723 642 750 Polan.

301 787 369 806 non.
393 774 491 808 FRS.
515 774 573 817 (A)
600 775 823 814 Rudolfus,
852 775 1069 807 Ludwicus
1092 780 1160 816 ον’,
1190 776 1264 808 fr⁰·
1286 787 1317 807 n.
1362 775 1596 818 Liupoldus
1618 775 1724 817 pleb.
1749 774 1796 807 de

443 825 611 859 S.Loco.
655 826 852 859 Alheidis
875 833 950 868 ανδ,
981 838 1056 859 sor.
1072 838 1103 859 n.
1139 827 1192 869 (O)
1230 826 1283 870 [D.
1300 828 1519 869 Wolfgangus
1543 827 1638 859 Ottar
1661 837 1731 858 can.
1755 826 1797 858 ad

442 877 473 910 S.
483 878 679 910 Florianum.
715 879 887 921 Iohannes,
900 878 1031 921 Symon,
1045 878 1240 921 Stephanus,
1257 879 1349 921 dyaci
1366 883 1399 912 et
1413 878 1499 922 profi
1511 878 1606 912 monii
1618 879 1650 911 S.
1660 877 1795 922 Crucis.]

444 929 477 956 D.
492 930 628 957 lohannes
647 930 708 964 pbr.
728 932 758 957 et
776 930 846 965 prof.
865 930 895 956 in
914 930 993 966 Plag.

388 977 503 1009 FAM.
521 977 577 1019 (A)
595 977 729 1010 Tuota
745 978 786 1020 1⁸,
811 978 928 1011 dedit
945 978 1144 1020 predium.
1178 978 1404 1011 Heinricus
1419 990 1532 1021 ppos.
1548 979 1587 1010 in
1602 978 1796 1011 Berhtcs-

440 1029 588 1061 cadem.
647 1029 891 1073 [Gerdrudis
922 1030 1172 1072 Velslozzin,
1205 1031 1384 1063 tradidit
1415 1029 1599 1074 vineam]
1644 1031 1697 1074 (O)
1743 1034 1795 1062 Ob.

442 1080 545 1108 nobilis
564 1083 593 1108 et
611 1081 729 1108 honesta
747 1083 877 1108 matrona
896 1081 1020 1109 Barbara
1039 1081 1288 1114 Altenstainerinn‚
1307 1091 1412 1110 consor.
1425 1092 1451 1109 n.
1465 1091 1490 1110 a.
1504 1082 1580 1110 1510.

240 1135 316 1164 VIII.
329 1135 367 1163 id.
390 1132 490 1165 FRS.
510 1133 568 1175 (A)
590 1133 799 1166 Wilwirch
816 1139 893 1174 ον’,
908 1145 982 1166 sor.
999 1145 1029 1166 n.
1067 1133 1246 1177 [Angues
1263 1134 1358 1166 filia
1373 1135 1490 1167 Petri
1505 1134 1795 1177 Freisingarii,

441 1184 691 1227 magicurie,
715 1186 834 1218 dedit
857 1188 875 1218 2
892 1186 1174 1218 &reddituum
1198 1186 1248 1218 di·
1271 1190 1310 1219 et
1330 1186 1459 1230 d⁸b¹¹·.]
1492 1186 1546 1229 (O)
1577 1186 1794 1230 [FLStepha-

439 1248 498 1269 nus
527 1247 574 1269 cv.
605 1237 866 1270 Mawrbacensis.
922 1238 1087 1279 Iohannis,
1122 1239 1286 1281 Iohannis,
1316 1239 1466 1280 Erhardi,
1495 1239 1570 1281 pbri
1592 1238 1679 1281 profi
1701 1238 1796 1270 monii

440 1289 661 1322 Novemontis.
708 1289 761 1321 Fr.
777 1290 975 1322 Benedictus
994 1301 1061 1322 acc.
1078 1291 1160 1332 prof.
1177 1292 1209 1322 in
1225 1289 1418 1334 Gothwico.]
1461 1296 1495 1322 D.
1508 1296 1649 1323 Iohannes
1665 1295 1795 1322 Kaltten·

440 1341 589 1372 marckter,
609 1349 668 1368 can.
684 1341 802 1369 ecclesie
821 1341 920 1369 Patav.
934 1342 979 1369 ob.
993 1342 1069 1369 1506.
1105 1342 1157 1369 Ob.
1170 1342 1269 1369 doctor
1286 1342 1424 1370 Iohannes
1441 1342 1628 1377 Fuchsmagn.
1665 1342 1696 1369 D.
1711 1342 1795 1370 Seba-

442 1383 550 1410 stianus
564 1384 740 1412 Lindthoffer
757 1385 819 1419 pbr.
833 1387 862 1412 et
875 1385 945 1420 prof.
958 1385 986 1413 h.
999 1394 1036 1412 m.
1050 1386 1125 1413 1512.
1162 1385 1270 1419 Petrus,
1291 1385 1493 1420 Sigismundus,
1511 1385 1713 1421 Engelhardus,
1734 1385 1796 1419 pbri

441 1427 515 1462 profi
535 1428 617 1454 monii
636 1428 662 1455 S.
676 1428 799 1462 Nicolay
818 1428 917 1455 PataV.

388 1475 502 1507 FAM.
527 1475 584 1518 (A)
615 1475 804 1508 Merboto
834 1477 866 1517 l.‚
898 1477 963 1508 hic
994 1476 1112 1509 dedit
1138 1477 1308 1510 vineam.
1353 1476 1593 1520 Hiltgardis
1620 1477 1667 1509 de
1696 1477 1794 1509 Rus-

440 1527 560 1569 pach,
585 1528 701 1560 dedit
723 1528 979 1561 beneficium
1003 1532 1042 1561 et
1064 1529 1225 1561 vineam
1248 1529 1582 1562 Meinhartstorf.

253 1590 313 1618 VII.
326 1590 363 1618 id.
387 1587 484 1620 FRS.
509 1588 566 1630 (A)
591 1587 809 1632 [Iohannes
831 1589 1040 1631 Rorbeck,
1071 1601 1171 1632 mag.
1189 1589 1416 1633 coquine.⁰)]
1452 1590 1505 1632 (O)
1542 1589 1594 1632 [D.
1610 1589 1795 1622 Fridericus

439 1640 636 1682 cellerarius,
661 1641 691 1672 d.
708 1641 871 1673 Fridricus
888 1641 1119 1684 Ohersperger,
1144 1641 1175 1674 d.
1190 1641 1387 1674 Pertholdus
1403 1641 1473 1684 pbri
1489 1645 1522 1674 et
1537 1641 1578 1674 mi
1594 1643 1627 1673 in
1642 1642 1794 1674 Chrems-

440 1696 614 1734 muenster,
639 1693 711 1724 efr⁰·
727 1693 766 1724 n¹.
811 1693 852 1725 D.
869 1693 1031 1726 Iohannes
1047 1705 1138 1736 ppos.
1156 1693 1198 1726 ad
1215 1693 1246 1725 S.
1260 1693 1448 1726 Florianum
1464 1693 1535 1736 pbr.
1553 1697 1585 1726 et
1604 1704 1684 1735 can,
1709 1694 1746 1726 fr.
1763 1705 1793 1726 n.

438 1744 479 1776 D.
496 1745 647 1777 Matheus
670 1744 740 1786 pbr.
763 1746 795 1777 in
819 1745 1111 1786 Kremsmuncster,
1136 1746 1174 1778 fr.
1191 1745 1235 1789 n.]
1277 1749 1310 1777 D.
1326 1749 1443 1777 lacobus
1465 1750 1535 1784 prof.
1559 1749 1589 1776 in
1613 1749 1700 1776 monio
1718 1749 1794 1777 Med-

440 1795 546 1822 licensi.
585 1795 740 1828 Udalricus,
760 1796 909 1824 Udalricus
927 1797 988 1832 pbr.
1002 1797 1073 1832 prof.
1092 1797 1121 1824 in
1140 1797 1228 1824 mon⁵⁰
1247 1797 1274 1824 b.
1288 1796 1427 1832 v(irg·inis)
1446 1796 1591 1824 Scotorum
1611 1797 1726 1824 Vienne.

388 1843 503 1876 FAM.
538 1843 595 1885 (A)
630 1843 873 1876 Gundoldus
905 1845 926 1877 l.
981 1845 1223 1877 Wilhalmus
1257 1845 1363 1888 pleb.
1400 1845 1447 1878 de
1481 1845 1640 1886 Steutz,
1679 1846 1794 1878 dedit

438 1895 598 1928 vineam
622 1895 801 1928 Toblich
825 1901 864 1929 et
888 1898 934 1930 30
958 1897 1026 1930 tal.
1073 1896 1279 1940 [Ulr(icus)
1303 1897 1460 1930 Reczer
1489 1901 1529 1930 et
1550 1909 1612 1930 uX.
1635 1908 1705 1930 sua
1729 1898 1793 1930 de-

440 1947 588 1980 derunt
620 1949 783 1981 vineam
816 1948 1188 1992 Smallengraben.]
1235 1949 1288 1992 (O)
1335 1949 1477 1991 [Martha
1510 1950 1718 1992 Karlingerin
1752 1949 1793 1982 de

438 1998 529 2031 Stain
551 2010 676 2032 consor.
693 1999 737 2043 n.]

268 2062 314 2089 VI.
327 2062 364 2090 id.
389 2059 490 2092 FRS.
507 2060 564 2103 (A)
588 2059 748 2101 Geishz,
771 2061 1037 2102 Mehthildis,
1060 2062 1166 2094 Adla
1183 2067 1257 2102 cv⁶‚
1281 2067 1385 2094 sor⁰·
1401 2067 1451 2094 n0.
1498 2061 1711 2105 [Albertus
1727 2072 1792 2104 cv.,

439 2112 484 2143 fr.
500 2123 530 2144 n.
570 2111 850 2145 Perchtoldus
867 2113 1170 2146 Losenstainer
1193 2113 1239 2146 de
1257 2113 1527 2156 Salezpurga,
1550 2113 1640 2155 pbr.,
1665 2114 1728 2146 cfr.
1746 2113 1790 2156 n.]

438 2164 478 2195 A.
496 2163 526 2195 d.
547 2166 628 2197 1406
653 2164 705 2196 ob.
721 2164 752 2196 d.
768 2164 931 2197 Iohannes
955 2165 1059 2197 dictus
1083 2164 1351 2206 Gunderstarver,
1379 2176 1465 2207 mag.
1482 2165 1691 2207 infirmorum,
1721 2165 1792 2208 pbr.

439 2219 472 2248 et
499 2215 555 2247 cfr.
572 2227 602 2248 n.
642 2215 695 2258 (O)
731 2215 860 2259 [Petrus
888 2216 958 2259 pbr.
987 2220 1021 2249 et
1047 2227 1090 2248 m.
1115 2217 1157 2249 ad
1187 2217 1219 2249 S.
1236 2217 1383 2250 Crucem.
1436 2217 1477 2250 D.
1498 2216 1662 2250 Michahel
1690 2217 1790 2249 Pecz-

439 2267 553 2310 linger,
583 2267 652 2310 pbr.
675 2269 708 2300 in
730 2268 938 2310 Pawmburg.
983 2268 1024 2301 D.
1041 2268 1182 2311 Gor-gius
1204 2269 1368 2310 Altarffer,
1393 2280 1460 2312 eps.
1477 2270 1693 2302 Khiemensis.
1737 2269 1790 2301 Fr.

440 2319 630 2352 Vincentius
654 2319 736 2353 diac.
754 2320 835 2362 pros.
851 2319 946 2352 monii
968 2320 1190 2353 Novemontis.
1235 2321 1398 2354 Iohannes
1421 2321 1575 2362 subdiac,
1598 2321 1680 2363 prof.
1697 2318 1793 2353 monii

439 2371 663 2404 Novemontis.
709 2372 770 2404 Ob.
787 2371 818 2404 d.
831 2372 1029 2404 Wilhelmus
1051 2372 1211 2414 Puecher,
1235 2373 1305 2406 dec.
1325 2373 1419 2406 monii
1442 2371 1658 2416 Guercensis]
1700 2378 1732 2405 D.
1748 2378 1791 2405 Io-

439 2431 527 2450 annes
551 2422 772 2457 Stingelhaimer
798 2423 860 2458 pbr.
882 2425 912 2451 et
937 2424 1008 2458 prof.
1032 2423 1062 2451 in
1084 2424 1253 2460 Bawmburg
1274 2425 1351 2453 1506.
1394 2425 1588 2460 Vuolfgangus
1615 2424 1685 2459 prof.
1708 2424 1792 2451 monfl

442 2465 468 2493 S.
481 2465 622 2501 Yppoliti.
663 2466 695 2493 D.
714 2466 878 2494 Franciscus
897 2467 1073 2501 Feyerabent
1093 2467 1154 2502 pbr.
1174 2469 1203 2495 ct
1228 2476 1302 2500 can„
1330 2468 1362 2495 fr.
1379 2478 1406 2495 n.
1423 2468 1491 2495 1519
1514 2476 1548 2495 ae
1571 2468 1641 2502 prof.
1654 2467 1682 2494 ni
1700 2467 1791 2495 monss.

440 2508 473 2536 D.
486 2509 649 2536 Ambrosius
667 2509 754 2542 Prew,
781 2510 920 2544 quondam
941 2509 1052 2538 cenobii
1070 2509 1261 2546 Weyharting
1278 2520 1360 2546 ppos.
1379 2520 1412 2538 ac
1430 2511 1524 2539 senior
1541 2520 1566 2539 a.
1580 2511 1656 2539 1526.
1699 2510 1750 2538 Ob.
1763 2511 1789 2538 d.

439 2552 557 2579 Iacobus
575 2552 641 2580 abb.
655 2552 860 2580 Lambacensis.

384 2600 499 2632 FAM.
529 2600 621 2643 (AF)
651 2601 807 2633 Albero
839 2601 874 2643 l.‚
907 2602 1086 2634 tradidit
1117 2603 1286 2634 vineam.
1342 2602 1579 2645 Meingotus
1609 2602 1630 2634 l.
1684 2601 1790 2634 Rud-

438 2663 561 2695 gerus
583 2653 615 2694 l.,
640 2652 756 2685 dedit
780 2655 799 2684 2
823 2657 1012 2686 carratas
1033 2655 1127 2686 vini.
1173 2654 1287 2686 Iutta
1309 2654 1377 2696 ΙΨ)

232 2776 256 2810 ¹)
275 2777 345 2803 Nota
355 2777 414 2811 fere
425 2786 511 2805 erasa.
602 2777 628 2812 ιἱ)
649 2779 711 2806 Ood.
807 2778 830 2813 0)
849 2779 919 2805 Nota
931 2780 1016 2806 colore
1027 2780 1107 2805 rubro
1119 2779 1224 2813 scripta.
1317 2778 1342 2812 d)
1361 2779 1500 2806 Praecedit
1510 2780 1673 2806 aestuatum.-
1692 2780 1789 2807 Gsisla.

131 2818 154 2852 ο)
173 2819 294 2853 Sequitur
311 2825 374 2847 nota
391 2829 476 2848 nasa.
