2150 3178
331 174 395 204 502
738 166 1002 196 NECROLOGIUM
1024 165 1215 195 CANONIAE
1232 166 1283 193 AD
1300 165 1327 193 S.
1339 164 1592 194 HIPPOLYTUM.

331 262 375 290 24.
449 260 497 289 1X.
510 260 568 288 kal.
595 256 766 289 Susanna
787 255 1034 297 procuratrix
1056 253 1244 295 custodis,
1272 252 1422 286 oblatio
1446 255 1491 285 50
1506 258 1532 292 a).
1577 251 1781 296 [Iohannes
1804 252 1852 285 de
1875 251 1997 284 'l'ulna

644 307 822 349 subdyac.
840 310 877 339 et
899 306 942 338 fr.
957 317 989 338 ιι.
1034 305 1189 339 Ulricus
1211 315 1284 338 sac.
1305 308 1343 338 et
1364 315 1408 337 m.
1424 305 1471 337 de
1493 304 1654 347 Zwessa,
1676 305 1741 338 cfr.
1757 304 1800 350 n.]
1844 304 1886 338 D.
1902 305 1996 337 Wal-

643 364 732 392 tasar
749 358 994 392 Novecellensis
1017 361 1051 391 et
1073 358 1130 390 cfr.
1146 369 1177 390 n.
1222 357 1391 398 Martinus,
1412 357 1587 399 Iohannes,
1609 357 1791 400 Udalricus,
1815 356 1997 399 Oswaldus,

644 411 792 454 Iacobus,
821 411 1043 450 christanum,
1073 409 1142 452 pbr¹
1165 412 1200 442 et
1222 409 1294 442 εἰτ’·
1318 409 1356 441 n¹.
1401 409 1552 451 Iodocus,
1576 408 1773 452 Gristannus,
1795 409 1998 451 Leonardus,

643 464 818 504 Martinus,
850 463 944 504 Otto,
976 462 1112 504 Caspar,
1146 460 1370 503 Sebastianus,
1385 493 1387 499 ,
1401 461 1590 503 Balthesar,
1619 461 1746 494 nobiles
1774 465 1808 495 et
1835 461 1929 494 fam⁶⁸
1956 461 1998 494 de

644 515 939 548 Krembsmunster.
984 514 1025 547 D.
1042 513 1204 546 Iohannes
1223 512 1429 554 Manchofer‚
1452 512 1522 556 pbr.
1539 513 1678 546 ecclesie
1701 513 1725 546 s¹
1738 513 1867 546 Nicolai
1882 512 1997 546 Patav-

645 570 739 600 extra
761 577 881 607 muros,
909 566 965 598 cfr.
982 577 1013 598 n.
1057 565 1099 598 D.
1115 565 1308 598 Valentinus
1331 564 1373 597 de
1395 564 1576 598 Novacella
1597 565 1668 608 pbr.
1690 568 1724 598 et
1747 566 1804 598 cfr.
1824 576 1855 598 n.
1872 564 1997 608 (14)80.

643 619 828 661 Andreas·)
859 617 1016 660 Spiessel,
1046 617 1227 650 Katherina
1255 627 1310 649 ux.
1336 616 1377 649 de
1405 616 1523 650 Pulka.
1574 617 1614 651 D.
1638 617 1789 650 Andreas
1818 618 1927 650 senior
1956 617 1999 650 de

644 669 935 713 Herczogburckh‚
965 669 1036 712 pbr.
1056 672 1091 701 et
1113 669 1169 701 cfr.
1185 679 1216 700 n.
1265 668 1428 701 Iohannes
1449 680 1482 701 ιι.
1502 668 1637 710 koralis,
1667 669 1723 712 qui
1745 669 1839 702 nobis
1861 671 2000 702 testatus

644 727 693 756 est
717 726 735 755 2
752 722 808 754 tal.
826 726 848 760 a)
899 721 1109 764 Margaretha
1125 720 1271 753 Handlin
1293 720 1356 752 mu·
1378 721 1411 752 in
1426 720 1614 764 Neuburga,
1638 731 1761 754 consor.
1778 732 1808 754 n.
1853 721 2001 754 Barbara

643 775 765 808 ibidem
793 784 918 806 consor.
941 784 971 806 n.
1017 777 1145 806 Andreas
1172 777 1207 805 de
1227 772 1440 813 witingwaub)
1463 786 1505 805 ov.
1527 779 1558 806 et
1579 778 1614 806 fr.
1630 787 1658 806 ιι.
1707 778 1754 806 Fr.
1769 778 1938 814 Lampertns
1960 786 1998 805 m.

645 825 894 860 Altenwurgensis‚
914 825 975 860 pbr.
988 826 1018 852 et
1036 824 1086 852 cfr.
1099 833 1126 851 n.
1161 824 1316 858 ⁰)Andreas
1334 823 1369 851 de
1382 823 1532 860 Witingau
1550 833 1594 852 cv.
1606 825 1636 852 et
1654 824 1703 852 cfr.
1717 834 1744 852 ιι.

331 875 374 903 25.
419 874 565 902 V111.kal.
593 870 774 902 Adelsint
797 874 859 902 cv·
882 871 919 902 et
942 879 1012 901 sor.
1028 879 1059 901 ιι.
1105 867 1363 901 Wernhardus
1385 878 1437 900 cv.
1461 870 1500 901 et
1521 868 1564 900 fr.
1580 879 1611 901 n.
1657 868 1866 901 Heinricus
1888 878 1940 900 cv.
1961 870 2001 901 et

646 922 688 954 fr.
705 933 737 954 n:
783 920 1047 964 [Marquardus
1071 919 1311 961 Walhauser,
1341 919 1489 952 oblatio
1514 921 1597 957 3005
1649 919 1925 963 Ohunegundis
1952 919 2000 953 de

646 973 808 1006 Secovia
831 978 893 1005 cv·
916 976 954 1005 et
976 983 1048 1004 sor.
1064 983 1095 1004 ιι.
1137 971 1339 1004 Ludwicus
1362 982 1414 1004 ον.
1431 971 1476 1004 de
1492 971 1651 1013 Zwetel,
1674 972 1740 1005 cfr.
1756 970 1800 1016 n.]
1837 972 2001 1005 Iohannes

644 1025 672 1067 ἃ)
681 1025 722 1058 de
747 1024 933 1057 Stokchstal
956 1024 1027 1056 dec.
1043 1025 1075 1056 in
1099 1023 1136 1056 S⁰
1152 1023 1296 1064 Andros,
1320 1023 1389 1066 pbr.
1407 1026 1441 1056 et
1463 1023 1519 1056 cfr.
1535 1034 1578 1066 n.‚
1605 1023 1726 1067 1460.⁰)
1770 1023 1906 1067 Egidius
1928 1023 2000 1066 pbr.

645 1077 800 1110 secularis
826 1076 957 1109 ibidem.
1006 1076 1169 1108 Iohannes
1191 1075 1418 1118 Ruenczinger
1443 1075 1678 1117 prebendarius
1707 1075 1839 1108 ibidem.
1891 1075 1999 1108 Theo-

645 1129 762 1162 baldus
793 1128 930 1171 dictuss)
960 1128 1001 1160 de
1030 1127 1224 1160 Emerstarff
1251 1127 1323 1170 pbr.
1346 1126 1441 1159 mon¹¹
1466 1126 1651 1159 Melicensis
1681 1130 1715 1160 et
1743 1127 1799 1160 cfr.
1822 1138 1854 1160 ιι.
1905 1127 2002 1160 Anna

645 1181 845 1214 Pewtlerinn
872 1190 998 1212 consor.
1019 1191 1049 1212 n.
1070 1179 1194 1222 (1074.
1240 1179 1293 1212 Fr.
1310 1179 1452 1212 Matthias
1480 1178 1550 1222 pbr.
1572 1180 1605 1211 iu
1621 1179 1800 1223 Witignaw
1828 1182 1862 1212 et
1891 1179 1948 1212 cfr.
1968 1190 2000 1212 ιι.

646 1233 686 1265 D.
700 1228 923 1275 Wolfgangus'
934 1231 1197 1274 Peyczkhoferss)
1220 1231 1261 1264 de
1277 1231 1506 1274 Hertzoburga
1528 1231 1598 1274 pbr.
1616 1234 1649 1264 et
1671 1231 1728 1264 cfr.
1744 1242 1776 1264 n.
1821 1231 1862 1265 D.
1878 1231 2002 1264 Paulus

646 1284 867 1326 Tellerpechk
874 1284 904 1327 ⁸)
923 1294 1015 1326 ppos.
1031 1284 1064 1316 in
1079 1283 1318 1326 Reicherspern
1326 1283 1355 1326 11)
1365 1283 1402 1326 ¹),
1426 1283 1482 1316 cfr.
1499 1294 1529 1315 n.
1568 1282 1608 1315 D.
1620 1283 1813 1316 Valentinus
1834 1282 1876 1316 de
1891 1282 2001 1316 Nova·

647 1337 730 1370 cella
758 1336 828 1379 pbr.
851 1340 885 1369 et
914 1336 971 1368 cfr.
989 1347 1019 1368 n.
1070 1335 1225 1368 Erasmus
1248 1334 1486 1368 Steczndorffer
1515 1334 1586 1377 pbr.
1607 1334 1811 1368 Secoviensis
1839 1338 1874 1368 et
1896 1335 1952 1368 cfr.
1968 1345 2000 1368 ιι.

650 1388 872 1432 Wolfgams')
896 1388 1072 1421 celerarius
1095 1388 1183 1421 curie
1202 1387 1232 1420 d¹
1247 1387 1349 1430 ppos¹‚
1372 1387 1429 1420 cfr.
1445 1398 1476 1420 ιι.
1521 1386 1731 1430 Margaretha
1746 1386 2003 1420 Poelthueberin

647 1452 772 1474 consor.
789 1451 831 1481 n.‚
855 1450 917 1483 que
941 1440 1034 1472 nobis
1056 1440 1159 1472 multa
1181 1440 1267 1472 bona
1289 1439 1378 1480 fecit,
1402 1450 1431 1472 a.
1447 1438 1572 1482 (14)97.
1618 1443 1785 1471 chunradus
1807 1443 1843 1472 de
1865 1442 2002 1472 Chotvioo

647 1494 709 1528 pbr.
727 1495 756 1521 et
779 1492 828 1520 cfr.
845 1501 871 1519 n.
913 1491 956 1519 Fr.
970 1491 1084 1519 Alexius
1106 1491 1188 1526 dyac.
1206 1491 1241 1520 de
1259 1491 1433 1526 Neunburga
1455 1492 1485 1518 et
1506 1490 1556 1518 cfr.
1573 1499 1599 1517 n.
1641 1489 1799 1518 Katherina
1821 1490 1856 1518 de
1875 1489 2003 1518 Gotwico

649 1545 754 1564 consor.
772 1545 799 1563 11.

335 1587 379 1615 26.
439 1586 500 1614 Vll.
513 1585 570 1613 kal.
598 1580 707 1613 Gisla
730 1585 791 1612 cv·
813 1583 851 1612 et
873 1590 944 1612 sor.
961 1590 991 1611 n.
1030 1577 1134 1622 [Otto
1155 1577 1284 1610 dictus
1299 1576 1461 1609 Teisner
1483 1576 1562 1619 pbr.
1575 1576 1815 1610 Vorawensis
1837 1579 1875 1610 et
1890 1577 1955 1610 cfr.
1971 1588 2002 1611 ιι.

647 1632 834 1665 Nicolaus
857 1631 934 1674 pbr.
957 1631 1004 1663 de
1028 1630 1071 1662 S·
1089 1630 1224 1671 Cruce,
1249 1629 1312 1662 cfr.
1330 1627 1373 1672 n.]
1396 1631 1430 1661 et
1452 1628 1491 1661 fr.
1507 1629 1708 1671 Augustinus
1730 1639 1778 1661 cv.
1796 1629 1837 1662 de
1859 1629 2002 1671 Mellico,

647 1684 703 1717 cfr.
719 1695 750 1716 n.
796 1683 959 1716 Iohannes
973 1682 1146 1714 Wakcher'
1164 1692 1194 1713 ιι.
1210 1681 1316 1713 fidelis
1332 1680 1420 1712 fam¹·
1436 1683 1470 1713 et
1485 1681 1660 1713 castilanus
1675 1681 1707 1712 in
1723 1680 2001 1714 Renhardstoerff.

648 1737 735 1778 Mag.
753 1735 875 1768 Paulus
890 1735 1000 1766 Wann
1023 1744 1115 1766 sacre
1139 1733 1305 1775 theologie
1329 1732 1456 1774 doctor,
1486 1732 1556 1775 pbr.
1577 1735 1611 1765 et
1634 1732 1691 1764 cfr.
1708 1743 1738 1765 ιι.
1782 1732 1824 1765 D.
1840 1733 2004 1766 Iohannes

649 1788 691 1820 de
714 1786 945 1829 Reichenburg
968 1796 1039 1818 can.
1057 1785 1331 1827 Salczpurgensis,
1358 1784 1429 1826 pbr.
1446 1786 1480 1816 et
1501 1784 1557 1817 cfr.
1575 1795 1605 1816 ιι.
1651 1788 1792 1816 Warbara
1813 1789 1849 1817 de
1871 1788 2003 1816 Schama-

649 1839 738 1874 bergk
760 1839 838 1873 prof·
860 1838 937 1873 apud
957 1837 1016 1864 S*²¹¹¹
1036 1836 1168 1864 Iacobum
1188 1835 1307 1863 Wienne
1329 1843 1435 1863 consor.
1451 1844 1478 1862 n.
1517 1835 1550 1862 D.
1570 1835 1796 1863 Bernnhardinus
1818 1835 1943 1863 Haechel
1965 1835 2001 1863 de

649 1882 683 1910 S0
701 1882 833 1909 Floriano
851 1883 881 1909 et
899 1881 948 1908 cfr.
962 1890 989 1908 ιι.

337 1933 378 1960 27.
452 1931 569 1959 VLkal.
597 1926 798 1968 Hedwigis
828 1930 890 1957 cv·
919 1927 958 1957 et
985 1935 1056 1956 sor.
1076 1934 1106 1956 n.
1158 1922 1398 1966 [chunradus
1425 1922 1504 1965 pbr.
1529 1922 1575 1955 de
1599 1921 1849 1955 Walthausen
1878 1922 2004 1955 dictus

650 1978 794 2020 Agnus,
818 1977 883 2009 cfr.
900 1988 930 2008 ιι.
976 1975 1201 2008 Chunradus
1224 1974 1270 2007 de
1293 1974 1415 2007 Secau
1437 1974 1515 2017 pbr.
1537 1977 1575 2006 et
1597 1974 1663 2006 cfr.
1679 1985 1710 2006 n.
1755 1973 2005 2007 Eberhardus

650 2040 754 2073 ppos.
773 2032 810 2061 et
832 2028 1040 2061 archidiac.
1057 2027 1227 2060 ecclesie
1247 2025 1565 2068 Salczburgensis
1588 2029 1626 2058 et
1648 2025 1713 2058 cfr.
1730 2037 1760 2058 n.
1805 2025 2004 2059 Fridricus

649 2092 721 2114 sac.
747 2081 792 2113 de
816 2081 957 2123 Campo
981 2079 1166 2120 liliorum,
1190 2078 1255 2111 cfr.
1271 2077 1316 2121 n.]
1361 2077 1534 2111 Udalricus
1558 2077 1663 2110 dictus
1686 2076 1769 2110 Grill
1791 2078 1812 2109 l.
1833 2081 1866 2110 et
1889 2078 1944 2110 cfr.
1961 2088 2005 2120 n.‚

651 2134 706 2176 qui
722 2133 813 2165 dedit
828 2133 921 2165 nobis
937 2135 1085 2164 ornatum
1102 2134 1135 2164 et
1150 2130 1295 2163 calicem.
1333 2129 1518 2162 Fridericus
1533 2129 1651 2162 Zolner
1666 2129 1737 2171 pbr.
1749 2129 1781 2162 N
1782 2130 2004 2171 ovecellensis,

650 2186 705 2218 cfr.
723 2197 753 2217 n.
799 2184 961 2227 Georgius
982 2184 1142 2216 Hemmer
1165 2183 1205 2215 de
1224 2182 1477 2224 Reichersperig
1498 2181 1568 2225 pbr.
1586 2184 1620 2214 et
1642 2181 1698 2214 cfr.
1714 2192 1746 2213 n.
1790 2181 1937 2214 Barbara
1959 2181 2001 2214 de

651 2237 838 2278 Newburga
866 2236 930 2268 mm
953 2239 986 2268 et
1012 2246 1135 2268 consor.
1157 2245 1188 2267 n.
1233 2239 1268 2266 D.
1285 2238 1426 2266 Iohannes
1448 2237 1570 2273 Gyserer
1592 2238 1627 2266 de
1650 2237 1828 2273 Newnburga
1851 2239 1882 2266 et
1903 2238 1954 2266 cfr.
1970 2247 2000 2266 ιι.

651 2288 683 2315 D.
697 2288 835 2323 Georgius
854 2287 996 2322 Popinger
1013 2287 1048 2314 de
1066 2286 1276 2320 Reichensperg
1294 2284 1356 2320 pbr.
1369 2287 1399 2313 et
1418 2285 1467 2312 cfr.
1480 2294 1507 2312 ιι.

340 2337 384 2365 28.
469 2337 504 2365 V.
517 2334 573 2365 kal.
602 2332 768 2365 Perchta
791 2336 853 2364 cv⁸
876 2334 915 2364 et
937 2341 1008 2363 sor.
1028 2342 1058 2363 n.
1111 2328 1351 2373 [Iohannes¹¹)
1374 2328 1471 2371 pbr.‚
1501 2328 1568 2361 cfr.
1589 2339 1618 2360 n.
1664 2326 1935 2371 Bolfganguffl)
1959 2327 2005 2360 de

651 2383 930 2425 Hercznburga
961 2383 1041 2425 pbr.
1067 2385 1106 2415 et
1136 2382 1200 2414 cfr.
1225 2392 1255 2413 n.
1311 2380 1401 2413 Otto
1434 2380 1479 2413 de
1512 2379 1675 2412 Secovia
1705 2380 1784 2422 pbr.
1811 2382 1849 2412 et
1881 2379 1950 2411 cfr.
1974 2389 2005 2412 n.

652 2435 878 2468 chunradus
909 2445 982 2467 sac.
1007 2437 1046 2467 et
1074 2445 1116 2466 m.
1142 2434 1187 2466 de
1217 2433 1259 2465 S·
1288 2432 1423 2475 Cruce,
1455 2432 1524 2464 cfr.
1547 2443 1578 2464 n.
1629 2431 1849 2474 Pylgrimus
1879 2430 2006 2463 dictus

651 2487 784 2529 Floytt
806 2487 885 2529 pbr.
903 2490 942 2519 et
965 2497 1044 2519 can.
1062 2486 1228 2518 ecclesie
1243 2484 1585 2527 Newnburgensis‚
1608 2483 1677 2516 cfr.
1693 2494 1724 2515 ιι.
1765 2482 1806 2515 D.
1822 2483 2005 2524 Augusti-

652 2550 720 2571 nus
737 2538 782 2570 de
799 2538 840 2570 S⁰
856 2538 1012 2570 Andrea
1028 2537 1093 2570 cfr.
1111 2536 1155 2580 n.]
1193 2536 1342 2568 Andreas
1358 2546 1406 2568 cv.
1424 2535 1464 2568 de
1476 2535 1679 2578 wittingaw‚
1696 2534 1752 2567 cfr.
1764 2545 1795 2566 n.
1833 2534 1874 2567 D.
1887 2534 2006 2567 Petrus

446 2643 470 2676 ²⁵)
489 2643 612 2676 Sequitur
635 2645 706 2670 locus
728 2651 805 2668 rasus
822 2643 916 2668 minor.
1020 2641 1046 2674 b)
1068 2642 1180 2674 (ἴστω-ἶφι
1198 2641 1344 2674 Witingau.
1450 2639 1473 2673 ο)
1492 2640 1606 2673 Sequens
1623 2644 1686 2665 nota
1703 2638 1868 2672 necroloqica
1885 2639 2003 2665 iteratur.

344 2686 370 2720 d)
389 2687 542 2720 Sequentia:
560 2688 591 2713 de
607 2688 763 2718 StokchstaL
783 2686 853 2711 linea
871 2686 956 2711 deleta
973 2690 1039 2711 sunt.
1144 2684 1167 2717 Θ)
1186 2684 1274 2710 Lectio
1291 2684 1399 2709 incerta.
1502 2682 1524 2716 ἴ)
1541 2683 1626 2709 dictus
1644 2691 1755 2709 eranum.
1860 2682 1887 2716 Β)
1905 2682 2006 2708 Nomen

343 2730 390 2756 hoc
402 2730 521 2756 radendo
534 2730 691 2755 astinetum.
777 2728 803 2761 h)
824 2729 936 2762 Com-iffi:
952 2730 1145 2762 Reichersperg.
1228 2727 1247 2760 i)
1269 2727 1380 2760 θοι-τῇς..-
1393 2727 1573 2760 Wolfgangus.
1654 2725 1681 2759 k)
1701 2726 1823 2759 Sequitur
1835 2726 1907 2751 loeus
1917 2733 2005 2751 moue.

450 2807 470 2840 ¹)
488 2806 594 2833 Paulus
614 2805 774 2839 Tellemheck,
793 2806 833 2832 ob.
847 2814 872 2833 α.
887 2808 964 2839 1470,
983 2804 1038 2832 dies
1054 2804 1141 2831 obitus
1158 2812 1216 2831 non
1234 2806 1347 2831 constat.
