2150 3178
324 197 388 228 210
504 195 612 223 LIBER
631 195 900 224 SEPULCRORUM
919 196 1073 225 PATRUM
1092 198 1271 227 MINORUM
1290 200 1339 228 AD
1358 201 1385 230 S.
1401 199 1551 230 CRUOEM
1567 201 1821 232 VINDOBONAE.

978 301 1021 334 In
1045 303 1185 344 capella
1208 304 1242 337 b.
1259 303 1409 346 NIeolal,
1431 305 1495 338 ubi
1517 305 1647 339 littora
1668 306 1754 350 K·)=

795 432 972 474 sepultus
1010 432 1102 475 esth)
1142 433 1172 466 d.
1200 434 1425 467 Wichardus
1465 436 1568 468 eirca
1601 436 1679 479 ἦθ’,
1721 439 1785 480 qui
1819 438 1875 471 ob.
1903 450 1932 472 a.
1960 439 1991 472 d.

799 486 909 526 1352,
926 484 966 517 V.
983 484 1056 517 kal.
1074 485 1210 528 Maiil),
1234 487 1287 528 ac)
1308 498 1380 530 quo
1397 487 1580 520 habemus
1602 489 1768 531 siugulis
1790 491 1899 523 annis
1923 494 1942 524 4
1959 496 1987 523 u

795 535 985 568 redituum
1019 541 1057 569 et
1091 548 1157 579 pro
1186 539 1365 571 sacristia
1395 539 1431 571 in
1459 540 1626 582 speciali
1660 541 1737 582 *Ιιθῶ
1756 546 1793 583 a),
1827 543 1926 575 sicut
1954 543 1992 575 in

794 588 963 630 registro
986 589 1190 622 invenitur.
2018 606 2030 626 ι

427 759 471 791 In
496 759 631 792 eodem
657 760 860 803 sepulchro
884 760 940 792 fil.
957 772 1046 793 suus
1070 762 1100 794 d.
1118 762 1310 796 Iohannes
1333 764 1432 796 eirca
1456 765 1533 806 stu,
1558 765 1621 808 qui
1645 765 1736 808 obfl)

426 809 522 844 Item
553 811 623 844 due
653 818 737 844 ιη’·
765 812 843 844 filii
871 814 928 844 sui
959 813 992 845 d¹
1015 813 1210 854 Iohannis,
1242 815 1409 858 Sigaeun
1440 820 1477 850 et
1505 818 1626 859 Anna,
1658 818 1810 860 sepulte
1839 821 1925 851 sunt
1952 819 1991 850 in

323 864 459 897 eodem
483 864 690 907 sepulchro
714 868 801 897 ante
826 865 949 898 altare
974 865 1004 898 b.
1022 865 1187 908 Nicohzi,
1211 867 1274 900 ubi
1298 869 1391 910 ipse.

902 1047 933 1074 A.
947 1047 973 1074 d.
987 1048 1055 1074 1515
1073 1047 1103 1075 in
1121 1048 1166 1076 die
1185 1048 1245 1076 divi
1263 1049 1408 1078 Benedicti
1427 1050 1471 1078 ob.
1485 1051 1519 1078 d·
1531 1051 1714 1086 Msrgaretha
1729 1051 1859 1084 Kunerin,
1877 1057 1918 1079 m*
1934 1053 1993 1080 rev¹

797 1089 836 1123 pi·
855 1089 1021 1118 Theoderici
1042 1090 1143 1123 Kaner.
1162 1100 1239 1119 sacre
1258 1092 1401 1128 theologie
1420 1094 1550 1125 doctoris,
1570 1095 1648 1122 minti
1660 1094 1772 1123 Austrie
1781 1096 1811 1129 ²),
1829 1095 1943 1130 sepulta.
1961 1095 1991 1123 in
2010 1104 2036 1125 ιο

796 1132 916 1160 ecclesis.
933 1142 1042 1169 proppe
1049 1136 1072 1168 ⁸)
1091 1134 1182 1163 altare
1201 1140 1279 1162 s0r¹¹¹¹¹
1296 1136 1495 1171 apostolorum,
1515 1138 1560 1165 cui
1578 1140 1695 1174 propter
1716 1138 1851 1167 beneficis.
1868 1138 1993 1173 plurima.

795 1175 838 1202 sui
857 1176 961 1211 prefati
980 1177 1031 1204 filii
1049 1179 1183 1206 tenemur.

496 1374 542 1407 In
567 1373 707 1415 capella
728 1374 762 1406 b.
780 1372 954 1407 Iohannis
977 1374 1062 1406 snut
1084 1373 1139 1406 hii
1162 1374 1311 1415 sepulti,
1334 1374 1502 1408 videncet
1524 1375 1587 1408 ubi
1610 1375 1740 1409 littera
1762 1374 1820 1420 Ψ)

824 1426 892 1458 sub
918 1425 1038 1467 lapido
1062 1434 1191 1466 magno
1215 1426 1298 1458 ante
1323 1426 1494 1470 altarem

428 1491 455 1534 ³)
465 1491 495 1523 d.
513 1491 666 1523 Ulrieus
687 1491 815 1523 senior
837 1492 939 1523 circa.
962 1491 1040 1531 stu,
1065 1491 1119 1523 ob.
1137 1491 1174 1523 in
1190 1492 1325 1534 vigilia
1347 1492 1510 1524 omnium
1527 1497 1626 1524 s⁰¹u¹¹²
1642 1492 1692 1525 ΙΙ.
1709 1493 1783 1526 kal.
1801 1493 1987 1526 Octobris.
2007 1506 2032 1527 ιε

426 1543 574 1575 Ibidem
599 1553 664 1575 sue
688 1548 780 1584 ux⁶³,
806 1543 846 1575 d·
869 1543 1028 1586 Brigida
1052 1543 1106 1575 ob.
1124 1543 1290 1587 idibus⁴)
1313 1544 1530 1576 Februarii.

426 1596 467 1628 In
491 1595 623 1628 eodem
643 1595 848 1637 sepulchro
871 1596 924 1627 fil.
942 1606 1031 1627 suus
1053 1596 1083 1627 d.
1102 1596 1192 1627 Otto
1215 1596 1260 1628 de
1277 1595 1537 1628 Purstendorf
1554 1607 1636 1629 cum
1659 1601 1835 1630 consorte
1856 1608 1922 1630 sua
1938 1597 1988 1630 (1⁸.

425 1647 468 1679 In
493 1647 628 1680 eodem
653 1647 858 1689 sepulchro
876 1648 948 1680 due
963 1653 1047 1679 ιη’·
1063 1647 1098 1679 (1ὶ
1114 1647 1321 1689 Wichardi,
1345 1648 1385 1680 d·
1400 1648 1602 1681 Elizabeth
1619 1649 1677 1681 ob.
1695 1649 1768 1682 kal.
1785 1649 1875 1682 Iulii
1895 1652 1989 1683 1316

321 1703 360 1732 et
384 1699 424 1731 d·
448 1699 662 1731 Katherina
686 1699 744 1731 ob.
761 1699 818 1731 IV.
835 1710 917 1731 non.
935 1699 1060 1741 Iulii⁵)
1089 1701 1192 1732 1335.

425 1751 574 1784 Ibidem
603 1751 670 1793 (in)
700 1751 908 1793 sepulchro
933 1755 1011 1784 tres
1034 1757 1114 1783 ux⁸¹³
1138 1752 1199 1784 fri·
1223 1753 1293 1792 sui,
1324 1752 1511 1785 videlicet
1533 1752 1749 1785 Katherina
1773 1756 1810 1785 et
1831 1753 1986 1796 Kath(e-
2005 1764 2031 1785 ιο

320 1804 416 1846 rina)
440 1807 479 1836 et
503 1803 778 1846 chunigundis.

425 1856 541 1887 quta
563 1854 663 1887 idem
687 1855 933 1896 sepulchrum
956 1855 1023 1887 sub
1047 1855 1177 1897 lapide
1202 1856 1340 1888 minori
1363 1855 1430 1887 sub
1454 1855 1624 1888 fenestra
1647 1856 1791 1898 sepulti
1815 1859 1914 1889 sunt:

427 1906 684 1950 ³)d.Ulr(icus)
697 1907 799 1938 circa
815 1907 882 1938 frss·
898 1906 971 1939 kal.
984 1907 1146 1949 Aprilis,
1163 1906 1205 1939 fr.
1219 1907 1254 1939 dl
1268 1907 1476 1947 wichardi,
1494 1907 1549 1940 ob.
1566 1910 1671 1949 1357,
1687 1907 1752 1940 ubi
1767 1908 1901 1941 littera
1915 1907 1989 1951 R.¹²)

320 1959 367 1991 Et
390 1959 462 1991 due
486 1959 569 1991 filie
594 1969 659 1990 sue
683 1959 852 2002 virgines
876 1958 1069 1991 Gedrudis
1093 1963 1130 1991 et
1145 1959 1287 2002 Agnes,
1310 1960 1401 1992 item
1425 1960 1479 1992 fil.
1497 1959 1669 1992 tenellus
1684 1960 1885 1992 Iohannes.

424 2011 467 2043 In
501 2011 635 2043 eodem
670 2011 879 2053 sepulchro
914 2011 945 2043 d.
968 2011 1152 2054 Uli-(icus)
1186 2011 1292 2043 filius
1326 2011 1492 2054 predicti
1524 2012 1568 2054 d¹‚
1604 2012 1661 2044 ob.
1688 2014 1796 2054 1369,
1827 2012 1885 2045 VI.
1909 2012 2032 2045 kal.2s

319 2063 566 2105 Februarii.⁰)

424 2115 482 2147 Fr.
497 2114 639 2155 Grisfo,
657 2115 698 2147 fr.
712 2114 746 2147 d¹
759 2114 962 2157 wichardi,
979 2115 1167 2157 sepultus,
1184 2115 1247 2147 ubi
1262 2115 1396 2148 littera
1409 2115 1472 2157 δ’),
1489 2115 1643 2149 ob.XVI.
1657 2116 1730 2148 kal.
1743 2116 1866 2159 Iulii⁷)
1884 2118 1986 2150 1348.

897 2349 930 2375 A.
943 2348 970 2376 d.
987 2348 1053 2375 1517
1073 2348 1116 2375 ob.
1130 2348 1234 2375 nobilis
1255 2348 1297 2375 vir
1313 2347 1450 2383 Georgius
1461 2348 1569 2380 Ionian,
1589 2348 1709 2380 Austrie,
1728 2347 1821 2380 Stirie,
1841 2347 1985 2376 Carintffie

791 2393 878 2425 atque
898 2390 1039 2418 Carniolis
1058 2400 1203 2426 supremus
1227 2391 1280 2419 vic.
1297 2394 1419 2424 monete,
1447 2391 1497 2426 qui
1516 2391 1675 2426 cappellam
1694 2391 1755 2418 divi
1773 2391 1906 2418 Iohannis
1925 2391 1985 2419 fun-

319 2477 353 2504 31

424 2653 448 2686 Ιὶ)
468 2653 521 2678 Hic
540 2654 628 2679 titulus
646 2654 731 2679 colore
748 2654 828 2679 rubro
846 2654 988 2680 distinctae.
1095 2654 1119 2688 b)
1140 2654 1193 2680 Vox
1211 2655 1295 2680 colore
1313 2655 1392 2681 rubro
1411 2664 1489 2688 super
1507 2655 1576 2680 lima
1593 2655 1698 2688 scripta.
1803 2655 1827 2687 ⁰)
1845 2663 1862 2681 a
1880 2664 1931 2689 quo
1950 2669 1984 2674 —
2002 2665 2028 2685 ω

319 2697 454 2722 invonitur
472 2705 550 2730 super
569 2698 623 2722 loco
635 2706 697 2722 raso
709 2697 813 2730 scripta.
908 2696 933 2731 d)
953 2697 1091 2730 Sequentia
1104 2699 1203 2724 decant.
1301 2698 1323 2730 θ)
1344 2698 1407 2724 0001.
1500 2696 1520 2732 f)
1538 2698 1639 2724 Littera
1651 2699 1736 2724 colore
1749 2699 1867 2724 caeruleo
1879 2699 1983 2732 scripta.

320 2740 346 2770 Β)
370 2739 471 2764 Titulus
489 2740 575 2766 colore
594 2741 674 2766 rubro
692 2740 834 2767 distinctus.
940 2739 966 2773 ¹¹)
985 2741 1086 2766 Littera
1103 2742 1187 2767 colore
1206 2741 1285 2766 rubro
1304 2742 1408 2774 scripta.

428 2799 449 2831 ¹)
467 2798 547 2825 Iunii
559 2807 645 2832 supra
657 2803 745 2833 p.178.
834 2801 856 2833 ²)
874 2800 1007 2834 Episcopi
1018 2801 1239 2834 Mareopolitani.
1329 2802 1351 2832 ⁸)
1371 2800 1529 2833 Praeti-zum
1540 2801 1647 2835 insigne
1658 2800 1820 2836 gentilitium
1830 2812 1863 2823 =
1874 2799 1984 2836 myas).

321 2843 343 2875 ⁴)
357 2841 389 2868 11.
401 2841 436 2868 id.
449 2850 536 2875 supra
544 2850 573 2876 p.
582 2846 638 2870 170.
698 2845 718 2876 ⁵)
733 2843 826 2878 Supra
837 2852 863 2877 p.
871 2847 921 2871 180
931 2843 963 2870 V.
971 2852 1035 2871 non⁴
1043 2844 1093 2872 Iul.
1152 2846 1173 2877 ⁶)
1187 2844 1284 2871 Martii
1295 2852 1381 2879 supra
1390 2853 1417 2878 p.
1428 2848 1482 2872 171.
1540 2845 1562 2878 ⁷)
1576 2844 1636 2871 XV.
1646 2844 1704 2871 kal.
1715 2844 1786 2879 Aug.
1799 2851 1884 2877 supra
1892 2847 1985 2878 9181.
