2150 3178
442 189 683 217 MONUMENTA
700 188 773 217 NEC
778 188 960 217 ROLOGICA
979 188 1472 217 OLAUSTRONEOBURGENSIA.
1751 192 1792 222 29

127 281 171 311 28.
249 281 365 309 1V.ka.l.
389 276 487 309 FRS.
512 276 570 319 (A)
593 275 793 308 Ludwicus
809 286 873 318 cv.‚
896 276 938 308 fr.
955 286 985 308 n.
1024 275 1148 307 Imma.
1168 282 1239 318 ον’,
1263 287 1333 309 sor.
1351 288 1380 309 n.
1421 275 1551 319 [Reiza
1567 282 1636 318 ova,
1661 287 1729 309 sor.
1747 275 1791 320 n.]

439 328 492 371 (O)
528 327 580 372 [D.
605 328 748 360 Thomas
779 338 847 360 can.
877 330 910 359 et
942 327 1011 360 dec.
1040 327 1082 358 ad
1115 327 1146 360 S.
1169 327 1367 360 Florianum.
1422 327 1599 370 Georgius,
1635 327 1791 369 Gabriell‚

438 379 608 422 Michaell,
638 380 808 420 Iohannis,
840 379 987 420 Andrea,
1018 378 1088 421 pbri
1111 382 1143 411 et
1172 379 1258 421 profi
1286 380 1318 411 in
1347 379 1446 411 moni⁰
1466 379 1679 412 Novimontis.
1730 379 1791 412 Ob.

441 431 677 474 Sigysmundus
701 431 768 473 pbr.
785 431 868 473 prof.
887 432 925 462 *in
947 430 1255 474 Kremsmuenster.]
1300 435 1423 463 Thomas
1446 436 1509 471 pbr.
1527 438 1557 464 et
1573 445 1645 470 can.,
1669 437 1742 472 prof.
1761 437 1791 463 in

438 482 620 510 Understorff.
648 482 759 510 Iuliana
776 483 857 517 profu
871 482 907 509 ad
920 482 947 509 S.
958 482 1089 509 Iacobum
1098 482 1227 510 Wienne.
1259 482 1310 510 Ob.
1321 483 1347 510 d.
1358 483 1457 510 Petrus
1470 492 1548 518 ppos.
1560 484 1642 510 monii
1652 483 1791 511 Subensis.

438 526 631 561 sigismundus
644 525 833 558 Leonhardns,
850 525 969 558 Ioannis,
988 525 1135 557 Steffanus,
1150 525 1335 557 Hieronimus,
1349 525 1493 561 Georgius,
1504 526 1709 562 Wolffgangus,
1728 526 1791 561 pbri

439 571 469 597 et
487 570 563 604 profi
581 569 610 596 iu
629 569 717 596 moui⁰
736 569 846 596 Subem.

386 613 500 645 FAM.
524 613 581 655 (A)
606 612 784 645 Ortolfus
802 613 823 644 l.
841 612 886 644 de
904 612 1189 653 Clemensdorfg
1213 612 1354 654 dedit·)
1375 615 1387 643 1
1407 612 1655 646 beneficium.
1693 613 1791 645 Lud-

438 666 554 697 wicus
578 665 624 697 de
639 665 835 705 Rorbach,
859 664 974 696 dedit
994 666 1012 695 2
1036 664 1241 696 beneficia.
1288 664 1472 696 Albertus
1489 664 1535 696 de
1551 664 1791 707 Phafsteten,

438 716 546 749 dedit
574 717 865 749 villicacionem
893 716 1215 758 Ramuoltispach
1245 719 1283 748 et
1314 717 1464 748 vineam
1494 716 1791 759 Ghallenperge.

438 770 660 802 Fridericus
682 770 831 812 Huphil
853 770 875 803 1.
919 769 1100 802 Alheidis
1127 769 1172 802 de
1195 770 1419 801 Arenstein.
1466 769 1740 811 Ghunegundis
1763 769 1792 800 1³

439 821 486 854 de
509 822 756 855 Heimburch.
808 821 976 866 [Ulricus
1006 821 1051 854 de
1075 821 1229 864 Spilarn
1260 826 1297 853 et
1327 833 1386 853 ux.
1417 833 1482 854 sua
1504 821 1791 864 Chunegundis,

439 873 630 906 dederunt
652 874 837 906 redditus
863 877 873 906 1
903 873 980 917 tal.]
1017 873 1070 916 (O)
1105 878 1293 912 Cristofferus‚
1317 879 1448 912 Michael‚
1473 878 1597 914 Georgii,
1621 878 1747 906 laicales,

125 929 170 958 29.
243 929 363 957 HLkal.
385 925 486 959 FRS.
510 926 568 968 (A)
591 926 852 968 Reginbertus
875 936 938 967 cv.‚
964 926 1008 957 fr.
1025 937 1055 958 n.
1091 925 1145 968 (G)
1182 925 1257 969 [Ob.
1274 926 1312 958 fr.
1328 925 1467 958 Iacobus
1488 937 1535 958 cv.
1551 925 1634 968 prof.
1650 926 1744 958 monii
1759 926 1792 957 in

437 977 558 1010 Voraw
572 977 704 1020 '(14)75.
751 977 917 1010 cristanus
946 977 1016 1020 pbr.
1038 978 1121 1020 prof.
1143 977 1237 1010 monii
1260 978 1292 1010 S.
1309 977 1431 1010 Crucis.
1477 978 1598 1020 Symon
1620 977 1690 1020 pbr.
1708 978 1790 1020 prof.

438 1040 532 1069 monii
556 1029 588 1062 S.
605 1029 739 1072 Crucis]
785 1034 837 1062 Ob.
854 1035 906 1061 frss·
926 1036 956 1062 et
978 1028 1015 1061 mi
1036 1043 1069 1062 ac
1092 1029 1154 1069 pbri
1174 1029 1259 1062 monii
1279 1034 1441 1062 Gerstensis
1465 1034 1572 1062 ordinis
1595 1044 1617 1063 s.
1634 1034 1791 1068 Benedicti,

437 1081 537 1108 Patav.
551 1081 644 1116 dyoc.:
674 1081 848 1114 Ambrosius,
871 1081 1021 1113 Sebaldus,
1047 1081 1233 1113 Cristofl'orus,
1259 1081 1451 1114 Perchtoldus,
1476 1081 1666 1114 Sebastianus,
1690 1081 1792 1108 iterum

438 1124 659 1156 Bartholomeus,
684 1125 782 1158 Lucas,
807 1124 946 1152 Iohannes
965 1126 995 1152 et
1012 1125 1046 1151 fr.
1059 1124 1282 1156 Bartholomeus,
1306 1125 1475 1152 Benedictus
1494 1125 1627 1157 subdiac„
1652 1133 1746 1152 omnes
1765 1125 1792 1151 ni

437 1168 520 1194 mon³¹
533 1168 617 1202 profi.
646 1167 745 1194 Eciam
758 1167 852 1194 Sixtus
866 1169 895 1194 et
909 1167 1092 1195 Sebastianus
1105 1168 1169 1195 novi
1183 1170 1213 1195 et
1225 1167 1275 1194 fre·
1287 1169 1315 1195 n¹
1328 1177 1353 1195 a.
1364 1169 1440 1195 1513.
1470 1168 1593 1196 Michael
1606 1177 1640 1195 ex
1653 1167 1791 1195 Cottvico.

437 1211 613 1246 Volfgangus
631 1219 711 1246 ppos.
724 1210 808 1238 monss
827 1210 951 1238 Zenonis.

384 1254 498 1287 FAM.
523 1255 580 1297 (A)
603 1254 831 1287 Chunradus
853 1255 891 1295 1.,
922 1254 1030 1287 dedit
1055 1255 1216 1287 vineam.
1260 1254 1470 1287 Heinricus
1493 1255 1513 1287 l.
1539 1255 1586 1287 de
1610 1255 1791 1288 Ohallen-

437 1318 552 1349 perg,
582 1307 745 1338 tradidit
771 1307 925 1339 vineam
949 1311 986 1338 et
1009 1308 1155 1339 curtim.
1200 1307 1440 1340 Helnwicus
1463 1307 1483 1339 l.
1509 1307 1555 1339 de
1579 1307 1789 1350 Grintzing.

438 1358 571 1402 [Ieuta
587 1359 626 1391 1⁸.
664 1358 939 1401 Marquardus
954 1358 1139 1402 Paghart
1155 1362 1195 1391 et
1210 1370 1270 1391 ux.
1288 1370 1373 1401 sua,
1397 1359 1792 1402 dederunt1l2iuger

438 1410 580 1455 vinee.]
604 1410 658 1454 (C)
683 1415 734 1444 Ob.
751 1416 778 1444 d.
795 1415 929 1443 Nicolaus
945 1415 1130 1443 beneficiatus
1147 1416 1268 1444 Wienne
1284 1416 1315 1443 in
1331 1416 1523 1449 Koelnerhoff,
1540 1416 1589 1444 cfr.
1607 1426 1635 1444 n.
1653 1425 1678 1444 a.
1698 1417 1789 1444 1504.

126 1467 169 1496 30.
257 1467 292 1495 11.
306 1466 363 1494 kal.
385 1463 485 1496 FRS.
509 1463 566 1505 (A)
590 1463 835 1496 chunradus
858 1463 942 1505 pbr.
959 1467 999 1495 et
1018 1474 1111 1502 can.,
1134 1463 1179 1495 fr.
1195 1475 1237 1505 n.‚
1261 1463 1327 1495 hic
1351 1463 1468 1495 dedit
1490 1466 1509 1495 4
1533 1464 1685 1495 vineas.
1724 1463 1790 1495 A-l-

437 1515 575 1548 heidis
598 1521 674 1558 ον’,
698 1526 774 1548 sor.
790 1526 822 1547 n.
869 1514 1031 1558 [Symon
1053 1515 1248 1555 subdiac„
1278 1515 1337 1547 fil.
1361 1515 1478 1548 Petri
1500 1515 1790 1558 Freisingarii,

437 1579 520 1600 can.
543 1566 888 1611 Walthusiensis]
925 1567 978 1610 (C)
1014 1567 1067 1610 [D.
1090 1567 1248 1600 Martinus
1277 1567 1360 1610 prof.
1391 1568 1423 1599 in
1452 1567 1623 1600 Gottwico.
1676 1568 1738 1600 Ob.
1759 1567 1789 1600 d.

437 1620 598 1652 Iohannes
621 1619 765 1661 Prawm,
797 1619 866 1662 pbr.
891 1623 924 1651 et
953 1619 1035 1661 prof.
1057 1619 1152 1651 monii
1173 1620 1206 1651 in
1229 1619 1432 1662 Tymnstain.
1478 1619 1519 1652 D.
1536 1619 1693 1651 Martinus
1717 1619 1789 1652 abb.

436 1672 600 1714 quondam
629 1671 724 1704 monii
747 1670 988 1703 Gotwiczensis.
1043 1671 1209 1704 Cristanus
1231 1672 1302 1714 pbr.
1323 1672 1406 1714 prof.
1428 1672 1460 1703 in
1483 1671 1583 1703 mon5⁰
1605 1671 1637 1706 S.
1655 1671 1789 1715 Crucis}

436 1723 469 1750 D.
484 1723 656 1758 Bolfgangus
678 1722 744 1750 abb.
768 1722 798 1749 in
821 1722 901 1750 Novo
925 1723 1036 1755 Monte,
1064 1722 1228 1749 Cristannus
1254 1722 1372 1754 ibidem,
1400 1722 1535 1750 Nicolaus
1560 1722 1652 1750 senior
1676 1722 1790 1756 ibidem,

438 1766 576 1793 Iohannes
602 1765 762 1793 Tmbecher
790 1765 909 1797 ibidem,
941 1765 1117 1801 Bolfgangus
1142 1765 1250 1793 Ruedel
1274 1765 1393 1799 ibidem,
1424 1774 1519 1793 omnes
1543 1766 1613 1800 pbri,
1645 1766 1790 1799 Martinus,

437 1809 600 1836 Gristannus
618 1808 731 1841 ibidem,
750 1809 868 1836 Ioannes
887 1809 1054 1844 Graynnalt,
1073 1818 1132 1836 acc.

384 1853 498 1886 FAM.
529 1853 586 1896 (A)
621 1853 786 1886 Ulricus
817 1854 838 1886 l.
868 1853 916 1886 de
943 1852 1284 1895 Piroheinwartb)
1317 1852 1357 1896 [a.
1379 1855 1489 1886 1308.
1533 1853 1790 1886 Adelbertus

436 1904 710 1938 Romanorum
732 1905 841 1947 rex.⁰)
892 1905 1087 1938 Elizabet
1110 1906 1254 1947 regina
1277 1916 1337 1937 ux.
1362 1906 1464 1947 eius,
1493 1906 1729 1938 construxit
1751 1909 1791 1938 et

437 1957 600 1990 dotavit
629 1957 764 1990 altare
797 1958 987 2000 corporis
1017 1956 1224 2001 domini.‘¹)]
1277 1957 1434 1989 Dittricus
1458 1957 1559 1989 Gistel
1589 1960 1622 1989 et
1649 1968 1705 1989 ux.
1732 1968 1791 1989 sua

437 2008 620 2050 Elizabeth‚
649 2009 809 2041 dederunt
836 2009 982 2042 redditus
1008 2013 1021 2041 1
1049 2010 1104 2041 tal.
1140 2009 1193 2051 (C)
1227 2014 1260 2042 D.
1276 2014 1388 2048 Paulus,
1412 2015 1439 2041 d.
1452 2013 1570 2040 Iacobus
1588 2013 1649 2048 pbr.
1663 2022 1696 2040 ac
1714 2013 1790 2048 profi

435 2060 517 2087 moni¹
537 2060 639 2088 Oziaci.
674 2060 709 2088 D.
721 2060 827 2088 Paulus
845 2061 1005 2093 Schoeberl,
1024 2061 1051 2088 d.
1064 2061 1191 2088 Ioannes.

877 2185 1042 2221 MAIUS.

142 2265 168 2292 1.
303 2264 363 2291 kal.
385 2259 485 2292 FRS.
510 2259 567 2301 (A)
590 2259 795 2291 Rudolfus
818 2270 882 2300 cv.‚
907 2259 950 2291 fr.
967 2270 997 2291 n.
1045 2258 1191 2301 [David
1214 2259 1308 2300 dec„
1332 2259 1414 2302 pbr.
1433 2262 1581 2301 etcan.,
1605 2260 1648 2291 fr.
1666 2259 1708 2303 n.]
1735 2259 1788 2302 (O)

439 2311 590 2355 [Iacobus
613 2312 684 2354 pbr.
702 2315 735 2344 et
758 2322 838 2354 can„
863 2312 919 2344 cfr.
936 2323 966 2343 11.
985 2311 1025 2344 de
1041 2311 1072 2343 N
1074 2311 1228 2343 ovacella.
1273 2312 1314 2344 D.
1331 2312 1449 2344 Petrus
1470 2323 1513 2344 m.
1530 2312 1573 2344 ad
1591 2311 1623 2344 S.
1641 2311 1788 2344 Crucem.

438 2364 478 2396 D.
491 2363 609 2396 Petrus
624 2375 666 2396 m.
683 2365 716 2396 in
731 2364 1053 2406 Pawngarttenperg.
1091 2364 1131 2396 D.
1144 2363 1305 2396 Iohannes
1320 2364 1448 2406 Prawn,
1465 2374 1534 2396 can.
1551 2365 1584 2396 in
1599 2364 1788 2396 Berchters-

438 2415 554 2458 gaden.
599 2415 640 2448 D.
657 2416 830 2448 Ludwicus
845 2416 976 2448 ibidem.
1022 2416 1062 2448 D.
1079 2416 1242 2448 Iohannes
1257 2416 1387 2448 ibidem.
1432 2416 1640 2458 Margaretha
1656 2415 1787 2449 ibidem:

437 2467 668 2499 Wenczeslaus
694 2467 796 2510 Fayst
822 2467 892 2510 pbr.
913 2466 1007 2500 monii
1029 2469 1062 2499 in
1085 2467 1392 2511 Krembsmunster.]
1438 2473 1617 2500 Widhelmus
1640 2472 1786 2500 Puechler.

438 2518 616 2546 Widhelmus
636 2519 801 2547 Randecker
817 2519 935 2547 ecclesie
954 2519 1141 2546 Guertzensis.

386 2562 500 2595 FAM.
525 2563 582 2605 (A)
605 2562 830 2595 Heinricus
854 2574 949 2595 com.
973 2563 1020 2595 de
1043 2563 1420 2605 Wolfrateshusen,
1453 2563 1601 2605 dedite)
1626 2565 1644 2595 8
1667 2562 1787 2595 bene-

437 2614 539 2647 ficia
570 2618 609 2647 et
636 2619 808 2657 pratum.
857 2615 971 2658 Eppo
996 2619 1036 2647 et
1057 2615 1265 2656 Hiltkart,
1295 2615 1335 2647 hi
1357 2614 1624 2647 tradiderunt
1645 2614 1787 2647 Alten-

437 2667 561 2709 purch
585 2670 624 2699 et
645 2667 833 2709 predium
855 2667 997 2700 Droze.
1044 2666 1149 2699 Gold
1171 2667 1192 2699 1.

231 2786 255 2820 ⁸)
273 2788 343 2814 dedit
355 2801 389 2806 -—
402 2788 528 2814 beneficia
546 2797 628 2821 supra
646 2789 749 2814 limam.
853 2788 877 2821 b)
898 2788 1010 2822 Sequem
1028 2793 1090 2814 nota
1105 2789 1190 2814 colore
1202 2789 1281 2814 rubro
1294 2789 1397 2821 scripta.
1499 2787 1521 2820 0)
1541 2787 1690 2823 &quantus
1702 2787 1789 2820 verba,

127 2839 194 2864 quae
211 2836 276 2857 cer-te
295 2831 344 2865 leyi
361 2836 496 2864 nequeunt.
595 2830 619 2864 d)
638 2832 708 2857 Nota
726 2832 811 2858 colore
829 2832 909 2858 rubro
927 2832 1032 2865 scripta.
1130 2831 1153 2866 θ)
1173 2832 1241 2857 dedit
1259 2845 1290 2850 —-
1310 2836 1414 2865 pratum
1431 2840 1508 2864 super
1527 2831 1596 2857 linea
1614 2831 1740 2864 suppleta.
