2150 3178
335 193 398 224 316
449 191 558 218 LIBER.
576 190 822 218 OBLATIONUM
840 190 888 218 ΕΤ
907 189 1156 218 ANNIVEBSAR.
1168 190 1399 219 MONASTERII
1416 190 1566 220 SCOTOR.
1581 191 1886 220 VINDOBONENSIS.

438 278 522 310 Item
547 278 687 320 quedam
711 288 861 320 persona,
886 288 948 320 que
969 278 1072 310 noluit
1087 279 1257 320 nominari,
1281 281 1401 311 testata
1417 281 1468 311 est
1481 279 1582 311 mon¹⁰
1597 281 1617 312 6
1632 279 1773 312 florenos
1788 279 2003 322 Ungaricalcs

335 333 368 362 et
392 333 410 363 2
427 330 607 362 Renenses.

440 381 625 422 Sciendum,
658 381 745 424 quod
768 381 924 414 Erasmus
946 381 1082 414 Hacker
1103 382 1160 414 cfr.
1178 393 1220 424 n.,
1248 382 1308 414 civ.
1322 382 1464 423 Wienn.,
1492 385 1628 415 testatus
1652 386 1702 415 est
1723 383 1817 415 nobis
1839 383 2004 426 quandam

334 435 463 466 vineam
487 444 589 476 prope
607 433 794 466 Ueteldorff
814 434 910 466 sitam
933 434 988 473 ita,
1013 434 1100 476 quod
1125 444 1183 466 nos
1199 434 1356 466 Martinus
1379 434 1485 477 abb.¹)
1509 437 1544 467 et
1565 438 1741 468 conventus
1756 435 1850 468 monu
1866 434 2003 468 Scotho‘-

334 497 405 518 rum
419 486 558 518 Wienne
579 485 786 518 attendentes
809 486 929 528 prefati
953 486 1011 517 viri
1035 485 1153 518 bonam
1170 486 1372 518 voluntatem
1395 496 1474 528 erga
1497 496 1555 518 nos
1577 487 1646 529 et')
1662 492 1721 519 num
1737 497 1823 519 mon.
1839 488 1911 530 pari
1927 498 2004 520 oon·
2035 499 2048 519 ι

336 538 407 570 silio
425 537 677 569 deliberavimus
693 537 801 569 eidem
825 538 911 570 vices
934 539 966 570 in
986 538 1207 580 spiritualibus
1227 538 1407 580 rependere
1431 542 1474 578 et,
1498 542 1594 581 prout
1609 538 1815 581 desideravit,
1839 541 2006 572 annuatim

335 591 505 632 perpetuis
521 590 725 632 temporibus
748 601 807 632 pro
832 601 871 622 eo
896 593 929 622 et
951 590 1016 622 suis
1040 594 1177 632 quatuor
1192 590 1355 633 Requiem
1374 591 1460 622 circa
1475 591 1624 633 angarias
1642 601 1701 634 per
1722 602 1781 623 nos
1796 591 1849 624 vel
1863 592 2006 624 scolares

336 647 383 674 n⁰⁸
406 645 538 674 cantare
563 645 596 674 et
619 652 749 684 semper
771 643 843 684 ipsa
867 642 935 683 die,
964 653 1028 684 qua
1050 642 1305 685 unumquodque
1327 642 1490 685 Requiem
1513 643 1652 683 canitur,
1679 644 1705 675 si
1729 644 1845 676 saltem
1869 643 2006 676 comode

337 695 528 737 poterimus,
553 694 634 726 alias
651 698 790 736 quatuor
805 695 919 727 missas
937 706 995 736 pro
1012 705 1052 727 eo
1069 699 1102 727 et
1118 706 1176 738 pro
1192 695 1266 736 illis,
1290 706 1348 737 pro
1366 695 1482 738 quibus
1498 694 1673 736 affectavit,
1693 695 1816 738 legere,
1832 696 1881 727 sin
1895 698 2006 729 autem

336 747 535 789 precedente
560 747 612 778 vel
635 750 794 788 sequente
818 746 881 779 die.
927 746 970 779 Et
994 748 1068 789 quia
1092 747 1133 779 de
1157 748 1323 790 premissis
1337 748 1427 779 nulla
1443 747 1552 779 littera
1567 747 1715 779 confecta
1739 747 1808 790 fuit,
1832 748 1909 790 quia
1930 758 2006 790 pre·
2024 759 2051 780 ιο

337 800 521 831 nominatus
537 798 692 830 Erasmus
715 801 749 830 ct
765 799 868 831 eciam
886 799 935 830 sui
951 798 1045 831 nobis
1060 799 1250 841 simpliciter
1266 803 1340 832 sunt
1355 799 1476 841 confisi,
1498 799 1638 841 ideoque
1654 802 1790 842 propter
1804 810 2008 832 successores

337 855 384 882 n0·
402 851 464 882 hoc
480 850 672 883 memoriale
689 851 937 892 conscripsimus
953 861 982 882 a.
996 850 1027 882 d.
1044 853 1125 883 ¹449
1141 852 1173 883 in
1190 851 1302 894 vigilia
1319 851 1492 893 epiphanie
1510 851 1593 893 (Ian.
1606 851 1649 894 5).
1689 850 1750 883 Ob.
1767 854 1877 884 autem
1892 862 2007 894 supra-

337 903 442 935 dictus
458 902 514 935 cfr.
529 914 558 934 n.
573 913 657 934 anno
675 902 866 944 precedenti
881 906 1030 945 tempore
1047 904 1258 946 autumpnali,
1274 904 1365 935 cuius
1380 904 1488 935 anima
1504 903 1688 946 requiescat
1701 904 1734 935 in
1750 913 1846 946 pace;
1869 902 2008 946 amen.¹’)

442 955 526 986 Item
558 955 824 986 testamentarius
853 954 1008 986 Iohannis
1039 954 1136 987 Ernst
1165 955 1290 987 scilicet
1315 955 1509 998 Io(hannes)
1537 954 1667 997 Meyers
1697 956 1929 998 interpretatus
1958 958 2009 989 est

335 1006 429 1038 nobis
459 1006 514 1038 illa
542 1017 601 1048 per
624 1006 835 1046 universalia,
866 1007 932 1038 und
961 1007 1086 1039 suellen
1112 1017 1182 1039 mes
1205 1007 1363 1050 sprechen
1385 1007 1467 1039 nach
1490 1007 1518 1039 ir
1540 1008 1701 1050 gewissen
1725 1011 1758 1040 et
1781 1007 1860 1040 duas
1882 1008 2008 1050 missas,
2026 1020 2051 1041 u

336 1062 369 1090 ct
393 1059 428 1090 fit
450 1059 556 1090 anniv.
574 1059 606 1090 in
630 1062 747 1090 octava
770 1058 793 1090 s*
809 1059 940 1091 Martini
962 1058 1059 1100 (Nov.
1080 1058 1143 1102 18).

440 1111 525 1142 Item
551 1110 737 1152 Stephanus
761 1111 866 1153 pictor
889 1111 981 1143 dedit
1003 1122 1100 1143 unam
1123 1121 1252 1143 crucem
1277 1122 1350 1143 cum
1374 1122 1436 1143 ovo
1458 1112 1639 1144 strucionis.

441 1163 525 1194 Item
556 1162 746 1205 Margareta
776 1163 951 1195 Kastnerin
985 1163 1026 1195 de
1057 1163 1176 1196 Kremz
1207 1162 1299 1194 dedit
1329 1173 1426 1195 unam
1456 1166 1645 1205 argenteam
1677 1173 1804 1196 crucem
1836 1164 1869 1195 in
1897 1163 2008 1196 valore

337 1219 464 1257 septem
488 1215 694 1247 florenorum.

441 1268 525 1299 Item
542 1267 712 1299 Dorothea
730 1267 967 1309 Puschingerin
992 1270 1112 1299 testata
1135 1270 1186 1299 est
1207 1267 1307 1299 mon¹⁰
1323 1269 1386 1299 200
1399 1273 1429 1299 a.
1442 1272 1467 1306 ᾧ.
1482 1267 1604 1300 nullam
1627 1267 1864 1310 obligacionem
1882 1268 2007 1310 specia-
2025 1278 2053 1300 oo

336 1319 401 1351 lem
434 1319 534 1351 monio
564 1320 749 1361 imponens,
785 1329 920 1361 sperans
949 1318 1139 1362 suffragium
1169 1319 1231 1351 sibi
1260 1319 1404 1361 impendi
1434 1319 1639 1352 oracionibus
1669 1319 1747 1361 frum,
1781 1320 1871 1352 cuius
1901 1319 2010 1352 anima

335 1372 520 1414 requiescat
551 1373 582 1403 in
615 1382 707 1413 pace.
759 1370 848 1408 Quas
872 1373 934 1403 200
950 1376 980 1402 a
1007 1371 1108 1415 debet
1131 1371 1285 1404 exolvere
1309 1371 1535 1414 sigismundus
1556 1372 1821 1404 Friczeustorffer
1847 1372 1882 1404 in
1903 1372 2010 1414 spatio

337 1426 379 1456 20
407 1434 562 1455 annorum
598 1423 732 1466 singulis
766 1424 858 1455 annis
893 1426 930 1455 10
949 1422 1092 1466 (110).)0)
1126 1423 1211 1455 circa
1245 1423 1364 1456 festum
1394 1423 1564 1456 Michaelis
1597 1423 1706 1466 (Sept.
1730 1424 1789 1467 29)
1823 1423 2007 1467 incipiendo

337 1486 366 1507 a.
385 1475 414 1508 d.
436 1479 527 1508 1450.

444 1528 528 1559 Item
552 1527 664 1559 Niclas
688 1527 882 1559 Cramhofer
906 1527 997 1559 dedit
1020 1538 1119 1559 unum
1143 1528 1272 1570 eiphum
1297 1532 1432 1570 argento
1457 1528 1701 1561 circumdatum.
2027 1537 2055 1558 ιι

442 1579 526 1611 Item
551 1579 725 1611 Hainricus
748 1579 889 1622 Hayden
901 1580 928 1620 ²)
957 1590 1030 1612 cum
1055 1585 1112 1611 ux⁹
1135 1591 1193 1612 sua
1216 1580 1377 1613 dederunt
1399 1581 1536 1623 primam
1561 1584 1688 1623 partem
1711 1580 1812 1613 biblie
1834 1590 1953 1622 magne
1977 1582 2012 1612 et

338 1642 436 1663 unum
461 1631 592 1663 missale
616 1631 795 1663 secundum
818 1631 980 1663 rubricam
1005 1637 1072 1664 nm.

443 1682 528 1715 Item
552 1694 583 1724 p.
601 1683 650 1714 fri·
674 1683 838 1724 Ieronymi
862 1683 953 1715 dedit
979 1686 1017 1716 10
1040 1685 1181 1717 florenos
1203 1684 1372 1718 Renenses
1394 1696 1452 1727 pro
1476 1685 1602 1727 integro
1626 1695 1733 1727 panno
1757 1684 1910 1727 Spirensi.

444 1735 528 1767 Item
554 1736 791 1778 testamentarii
814 1736 858 1777 p¹³
882 1735 931 1767 fri*
955 1735 1113 1778 Stephani
1138 1737 1263 1780 deditd)
1287 1740 1349 1769 50.
1371 1737 1414 1769 ad
1437 1740 1641 1769 structuram.

444 1788 529 1819 Item
549 1787 579 1818 d.
593 1787 763 1819 Conradus
779 1787 819 1819 de
837 1787 921 1830 Crey
934 1787 971 1829 ³),
987 1798 1074 1830 mag.
1090 1789 1178 1820 curie
1195 1789 1277 1820 ser¹1¹¹
1293 1789 1457 1831 principis,
1481 1788 1571 1820 ducis
1587 1788 1718 1820 Austrie
1734 1799 1772 1820 ac
1787 1789 1874 1830 regis
1889 1787 2011 1821 Roma·
2030 1798 2057 1819 ιο

338 1850 464 1879 norum,
490 1843 629 1871 testatus
655 1843 705 1871 est
728 1839 828 1871 mon¹⁰
855 1841 892 1872 18
916 1840 1056 1872 florenos
1079 1841 1111 1872 in
1134 1851 1224 1880 auro,
1248 1841 1337 1872 cuius
1360 1841 1467 1872 anima
1490 1841 1674 1883 requiescat
1695 1841 1726 1872 in
1750 1850 1842 1882 pace.

443 1891 529 1922 Item
555 1891 619 1923 duo
644 1891 729 1933 magi
747 1891 788 1923 de
805 1891 915 1924 Pruna
940 1891 1101 1924 dederunt
1123 1892 1224 1924 monio
1247 1893 1482 1934 quinquaginta
1504 1893 1644 1924 florenos
1668 1895 1701 1924 et
1723 1893 1902 1934 pecierunt,
1925 1891 2012 1934 quod

342 1944 449 1975 anniv.
467 1943 510 1985 p‘0
527 1954 638 1975 eorum
663 1947 696 1975 et
719 1954 848 1975 suorum
871 1945 1114 1987 progenitorum
1130 1948 1316 1987 peragatur,
1340 1944 1493 1987 quamdiu
1509 1944 1603 1976 nobis
1618 1944 1778 1986 placuerit
1793 1945 1878 1976 circa
1893 1943 2012 1976 festum

341 1995 487 2028 Udalrici
511 1995 560 2037 epi
585 1996 662 2037 (Iuli
686 1996 730 2038 4),
755 2006 839 2038 quae
864 1997 983 2038 peticio
1007 2000 1057 2028 est
1080 1997 1166 2028 facta
1189 2007 1218 2028 a.
1236 1997 1266 2029 d.
1285 2000 1345 2029 etc.
1367 1999 1458 2028 1454.

445 2048 530 2079 Item
555 2047 586 2080 d.
603 2048 792 2080 Cristannus
816 2048 857 2080 de
881 2048 1103 2081 Thehenstain
1127 2048 1219 2080 dedit
1245 2050 1303 2081 100
1319 2053 1386 2086 aa.
1406 2051 1439 2080 et
1461 2049 1619 2090 picarium
1642 2051 1833 2090 argenteum
1857 2049 1891 2079 et
1912 2057 2011 2079 unum
2029 2058 2055 2079 ιι

344 2101 472 2142 nigrum
503 2103 651 2132 ornatum
683 2100 914 2133 damascenum
945 2104 979 2133 et
1008 2101 1089 2133 duas
1116 2101 1307 2133 dalmaticas
1334 2101 1375 2132 de
1402 2103 1526 2132 sameto
1553 2100 1663 2142 nigras
1691 2103 1724 2132 et
1751 2098 1841 2132 dedit
1864 2101 2012 2131 ornatum

343 2152 473 2184 rubrum
499 2156 669 2184 sametum.

446 2204 531 2235 Item
563 2204 703 2246 quedam
735 2204 771 2235 da
799 2205 876 2236 dicti
906 2204 1115 2247 Steyregerin
1144 2205 1235 2237 dedit
1261 2204 1412 2236 annulum
1442 2206 1461 2236 6
1484 2198 1694 2244 florenorum,
1724 2206 1759 2235 ut
1787 2206 1862 2245 post
1889 2202 2012 2234 obitum

342 2260 543 2298 peragantur
567 2260 600 2288 et
622 2257 733 2298 vigilie
757 2261 957 2289 mortuorum
982 2260 1015 2288 et
1038 2257 1179 2289 officium
1203 2260 1402 2288 mortuorum
1425 2255 1579 2288 videlicet
1602 2254 1816 2297 „Requiem“.

445 2308 531 2340 Item
556 2309 697 2350 quedam
722 2309 757 2340 d=
781 2309 868 2341 dicta
891 2309 1123 2351 Polhaymerin
1148 2309 1239 2341 dedit
1260 2308 1361 2341 111011ίο
1385 2310 1470 2341 2001
1488 2313 1515 2343 ὼ.
2028 2318 2056 2338 ιο

444 2360 529 2391 Item
547 2360 680 2402 quidam
704 2371 769 2392 sac.
787 2361 818 2391 d.
831 2361 1004 2402 Iohannes,
1029 2361 1214 2403 predicator
1236 2362 1268 2392 in
1284 2360 1389 2400 Buda,
1413 2359 1506 2391 dedit
1519 2358 1619 2391 monio
1637 2360 1683 2396 50,
1694 2358 1844 2398 florenos,
1865 2356 2011 2399 sepultus

339 2411 371 2442 in
396 2411 508 2443 abside
533 2412 764 2453 apostolorum.

444 2464 529 2495 Item
552 2474 639 2505 mag.
656 2463 847 2505 Io(hannes)
870 2463 1060 2496 Reichwein
1084 2463 1175 2495 dedit
1197 2464 1290 2495 nobis
1317 2466 1355 2495 10
1371 2463 1426 2495 tal.
1445 2468 1465 2499 a)
1487 2463 1528 2494 ad
1551 2465 1753 2494 structuram.

445 2516 529 2547 Item
555 2515 696 2557 quedam
720 2516 810 2557 virgo
827 2516 923 2547 Anna
942 2515 983 2546 de
1001 2514 1157 2546 Olmuncz
1174 2515 1264 2547 dedit
1282 2517 1298 2546 7
1315 2515 1455 2547 florenos
1470 2514 1564 2546 nobis
1579 2525 1638 2556 pro
1654 2514 1798 2546 remedio
1816 2514 1922 2546 anime
1939 2523 2007 2544 sue.
2056 2513 2064 2519 ’

443 2567 527 2599 Item
544 2567 676 2609 quidam
693 2567 827 2599 Cristoff
839 2567 972 2599 Thieler
988 2567 1079 2599 dedit
1094 2567 1188 2598 nobis
1211 2569 1245 2598 10
1261 2567 1401 2598 florenos
1417 2566 1459 2598 ad
1476 2565 1698 2598 deaurandum
1715 2576 1811 2597 ovum
1827 2564 2006 2597 strucionis.
2025 2578 2051 2598 4⁵

446 2681 468 2712 ¹)
490 2681 611 2714 Sequitur
631 2681 754 2707 deletum:
772 2680 798 2706 ni
817 2680 904 2707 monii.
1012 2679 1036 2713 b)
1055 2681 1195 2713 Hucusque
1214 2681 1347 2706 Martinus
1366 2681 1421 2706 abb.
1435 2680 1572 2706 Scotorum
1589 2680 1699 2713 scripsit.
1805 2678 1828 2711 θ)
1847 2678 1869 2711 ἢ.
1886 2677 2010 2711 supplevi.

342 2723 368 2757 d)
391 2724 435 2750 Sic
454 2725 526 2750 liber.

448 2793 467 2825 ¹)
488 2796 664 2820 1446--1461,
737 2794 758 2827 ²)
779 2793 833 2819 Giv.
848 2793 1059 2819 Vindobotwnsis
1072 2793 1156 2819 annis
1169 2795 1340 2819 1436-1450
1353 2791 1504 2826 diplomata
1515 2791 1623 2825 saepius
1635 2790 1769 2825 sigillavit.
1845 2791 1868 2823 ⁸)
1886 2789 2011 2817 Summus
2069 2786 2071 2788 ¹
2114 2777 2120 2782 “

342 2835 507 2862 carrwvurius
525 2839 548 2862 et
566 2837 724 2869 capitaneus
745 2836 902 2862 Garinthiae
921 2836 1004 2862 annis
1024 2839 1199 2864 1440—1446
1216 2835 1363 2869 diplomata
1381 2835 1490 2869 saepiu-9
1507 2834 1644 2869 sigillavit.
