2150 3178
268 197 376 225 LIBER
394 196 639 225 OBLATIONUM
657 195 704 223 ΕΤ
722 193 970 222 ANNIVERSAR.
982 193 1208 221 MONASTERII
1227 193 1377 221 SCOTOR.
1391 194 1696 222 VINDOBONENSIS.
1747 197 1808 227 313

255 284 340 316 Item
363 283 494 326 quidam
518 283 667 326 egregius
690 293 780 322 sacre
803 281 967 324 theologie
993 280 1105 312 doctor
1128 283 1161 312 et
1183 291 1280 322 mag,
1304 280 1454 312 Urbanus
1477 281 1518 312 de
1535 281 1653 312 Melico
1669 282 1809 323 nomine,

151 337 274 378 legavit
295 335 386 367 nobis
409 345 451 367 ex
473 335 627 376 singulari
645 334 820 367 devocione
841 336 966 375 septem
983 332 1068 364 bona
1083 333 1256 372 volumina,
1281 343 1343 374 que
1360 332 1421 364 sibi
1438 336 1530 364 erant
1545 333 1678 365 cariora.
1717 333 1810 365 Idem

153 388 267 420 doctor
296 397 356 429 per
384 386 591 428 quamplures
619 397 720 418 annos
744 396 785 417 ex
807 386 931 417 sincera
955 385 1088 416 caritate
1113 384 1212 425 gratis
1235 384 1315 426 legit
1337 389 1370 415 n‘³
1394 385 1641 426 congregacioni
1664 385 1696 416 in
1720 396 1811 417 sacra

151 439 332 480 theologia;
347 438 427 470 alias
441 448 531 469 suam
546 438 799 470 familiaritatem
813 437 1028 479 gratissimam
1044 446 1116 467 cum
1131 436 1271 467 consiliis
1284 436 1377 467 nobis
1392 447 1450 478 pro
1467 447 1562 477 posse
1579 437 1810 478 imperciendo.

121 498 133 517 ⁵
153 490 213 522 Ob.
235 493 342 522 autem
371 491 611 531 prenominatus
638 489 751 521 doctor
774 489 813 521 V.
830 489 882 530 yd.
899 488 1039 529 Augusti
1061 488 1270 529 sepultusque
1299 491 1347 519 est
1376 488 1407 518 in
1437 487 1573 519 ecclesia
1601 488 1623 518 si
1643 488 1811 530 Stephani,

153 543 243 574 cuius
265 542 334 583 ipse
358 551 427 572 can.
447 544 516 572 erat
540 545 572 573 et
595 551 659 572 sac.

122 585 126 588 ’
255 593 340 625 Item
364 592 495 635 quidam
518 592 538 623 l.
560 593 616 624 cfr.
633 603 677 633 n.‚
708 593 767 623 civ.
784 592 932 632 Wienn.,
963 592 1093 623 nomine
1116 590 1268 622 Nicolaus
1291 590 1547 632 Newngruener,
1577 601 1648 622 cum
1673 602 1730 622 sua
1753 597 1812 622 uxe

152 646 263 678 testati
285 648 359 676 sunt
379 644 472 676 nobis
496 646 536 675 24
550 649 580 675 0),
598 648 617 680 ο)
644 644 706 676 hoc
730 647 853 675 tantum
876 644 1055 685 exigentes,
1078 647 1114 674 ut
1130 642 1266 684 quilibet
1282 643 1314 673 in
1330 642 1472 674 futurum
1487 642 1608 683 populo
1625 643 1657 673 in
1674 643 1812 674 ecclesia

151 702 188 728 n·
210 696 433 739 predicaturus
456 706 567 727 eorum
591 696 715 727 faceret
737 696 938 727 mencionem
963 695 1130 726 oraciones
1152 695 1264 736 populi
1279 705 1338 736 pro
1355 694 1479 725 eisdem
1495 704 1586 726 more
1603 694 1696 726 solito
1713 695 1811 726 inter-

109 758 135 778 ιο
153 748 288 790 pellans.
334 747 394 779 Ob.
412 750 521 779 autem
543 747 682 789 predicti
703 747 764 778 III.
782 747 834 788 yd.
851 747 1000 788 Augusti.

255 800 339 831 Item
362 799 493 842 quidam
517 809 580 831 sac.
598 800 727 830 nomine
750 799 921 838 Iohannes,
946 798 1031 839 pleb.
1055 799 1087 829 in
1110 797 1258 839 Respicz,
1283 798 1418 828 contulit
1440 797 1481 829 ad
1505 800 1696 829 structuram
1720 798 1814 829 monii

152 854 193 884 90
220 852 359 883 florenos
393 854 425 883 et
459 853 500 883 26
528 861 652 882 marcas
681 861 866 892 grossorum
895 850 1061 892 postulans
1095 851 1126 881 in
1158 849 1338 881 remedium
1369 850 1475 880 anime
1506 860 1562 881 sue
1594 851 1812 882 communium

153 904 337 936 oracionum
361 914 395 934 se
418 903 487 935 fieri
511 903 713 945 participem.
760 902 821 934 Ob.
838 905 947 933 autem
963 901 1055 933 VIII.
1074 901 1138 933 kal.
1157 900 1367 942 Septembris.

255 955 340 986 Item
370 954 501 996 quidam
530 955 551 985 l.
574 954 702 986 nomine
726 953 887 985 Iohannes
909 953 1054 994 Pruggel
1083 953 1219 994 pellifex
1243 963 1315 984 cum
1339 963 1396 984 sua
1420 953 1556 994 coniuge
1581 953 1813 986 edificaverunt

108 1016 134 1035 1⁵
153 1007 256 1039 altare
283 1017 402 1038 novum
431 1007 464 1038 in
494 1006 605 1038 abside
636 1006 751 1037 dextra
778 1006 810 1036 in
834 1005 957 1037 honore
981 1005 1012 1036 b.
1029 1005 1131 1037 Marie
1155 1005 1302 1046 virginis,
1332 1004 1355 1035 si
1371 1004 1523 1036 Iohannis
1547 1005 1756 1047 ewangeliste
1781 1010 1814 1038 et

152 1064 180 1090 s⁰
195 1058 384 1098 Katherine‚
406 1062 439 1090 et
453 1058 524 1100 ipsa
541 1058 680 1089 coniunx
695 1061 769 1099 post
785 1057 908 1088 obitum
924 1057 1031 1088 mariti
1047 1059 1165 1088 testata
1182 1056 1288 1088 fuerat
1304 1056 1397 1087 nobis
1415 1056 1544 1088 domum
1562 1068 1663 1098 prope
1680 1057 1813 1089 chorum

151 1110 287 1142 ecclesie
310 1115 354 1141 n‘.
399 1110 522 1142 Verum
545 1109 620 1151 quia
644 1109 730 1140 cives
753 1108 906 1140 nolebant
928 1109 1023 1139 istam
1046 1108 1156 1139 venire
1179 1108 1212 1139 in
1235 1109 1471 1150 possessionem
1496 1109 1599 1150 m0n⁶³‚
1627 1109 1702 1141 ideo
1726 1109 1812 1141 ordi-

150 1164 309 1193 naverunt
334 1161 428 1193 nobis
455 1161 525 1192 dari
548 1163 588 1192 50
606 1165 636 1191 ⁴02.
654 1165 679 1196 ᾧ.
702 1170 760 1202 pro
788 1159 904 1192 eadem
933 1159 1040 1191 domo.
1091 1159 1151 1192 Ob.
1173 1164 1281 1192 autem
1309 1161 1378 1201 ipse
1402 1160 1563 1192 Iohannes
1586 1161 1643 1192 VI.
1660 1161 1713 1203 yd.
1731 1161 1812 1203 Sep-

151 1213 295 1255 tembris,
319 1213 374 1245 ubi
397 1224 470 1244 cum
493 1214 563 1255 ipso
587 1223 645 1244 sua
668 1212 807 1244 coniunx
830 1211 912 1243 libro
935 1214 1135 1244 mortuorum
1159 1215 1208 1243 est
1230 1212 1392 1253 inscripta.

108 1273 134 1292 ⁹⁰
255 1266 338 1297 Item
369 1266 499 1307 quidam
527 1265 606 1297 baro
633 1266 762 1297 nomine
786 1264 973 1306 Piligrimus
1000 1263 1040 1295 de
1064 1263 1243 1295 Buechaim
1270 1267 1407 1295 testatus
1438 1267 1487 1295 est
1513 1263 1606 1295 nobis
1633 1265 1665 1295 in
1688 1265 1814 1296 duobus

151 1317 366 1349 voluminibus
382 1317 556 1359 Speculum
578 1317 781 1349 historiarum
793 1316 819 1358 ¹)
840 1317 885 1347 ita
901 1319 1020 1357 tamen,
1044 1318 1080 1347 ut
1095 1326 1152 1357 pro
1171 1318 1210 1347 80
1226 1316 1356 1347 florenis
1372 1315 1600 1347 Melicensibus
1616 1316 1813 1358 impignora-

152 1373 220 1402 tum
242 1374 278 1401 n⁰
299 1369 426 1411 peculio
450 1369 691 1401 redimeremus.
729 1368 822 1400 Idem
845 1371 981 1399 testatus
1005 1370 1054 1399 est
1076 1368 1207 1409 insuper
1230 1367 1386 1409 quosdam
1412 1368 1492 1399 alios
1515 1368 1615 1399 libros
1639 1379 1755 1410 parvos
1781 1372 1814 1401 et

151 1432 303 1463 mappam
327 1421 448 1453 mundi.
495 1421 556 1453 Ob.
574 1424 683 1452 autem
706 1420 798 1453 VIII.
815 1420 879 1452 kal.
897 1419 1057 1451 Octobris.

255 1473 339 1504 Item
356 1473 486 1515 quidam
505 1473 525 1504 l.
543 1475 703 1504 mercator
718 1472 846 1503 nomine
863 1471 1069 1503 Hermannus
1085 1471 1198 1502 Haesil
1223 1482 1295 1503 cum
1312 1476 1369 1503 uxe
1385 1482 1443 1503 sua
1458 1472 1588 1503 nomine
1604 1465 1814 1513 Margaretha

109 1535 134 1555 25
153 1525 357 1557 contulerunt
383 1524 475 1556 nobis
502 1526 564 1557 200
582 1529 611 1555 a.
630 1530 670 1566 aa,
700 1523 741 1555 de
771 1523 887 1566 quibus
915 1524 1051 1554 emimus
1074 1525 1180 1554 certos
1202 1523 1348 1555 redditus
1371 1524 1403 1554 in
1426 1523 1637 1565 Maispirpam
1661 1528 1693 1556 et
1715 1535 1813 1556 unum

151 1577 332 1619 pomerium
356 1577 388 1608 in
404 1576 510 1608 Pulka
533 1579 566 1609 et
588 1576 651 1618 ἢῆ).
669 1582 693 1613 23.
710 1576 861 1618 perpetui
884 1585 999 1607 census
1021 1575 1054 1606 in
1069 1575 1278 1608 Praittenlee.
1320 1574 1380 1607 Ob.
1397 1578 1506 1607 autem
1521 1576 1591 1617 ipse
1607 1575 1814 1607 Hermannus

151 1628 211 1660 IX.
228 1628 292 1660 kal.
311 1628 469 1670 Octobris,
493 1629 582 1660 cuius
606 1628 708 1660 anniv.
725 1628 796 1669 ipsa
820 1627 872 1659 die
889 1627 1056 1669 peragitur
1072 1627 1241 1668 cantando,
1266 1630 1300 1659 et
1322 1627 1392 1669 ipsa
1415 1637 1468 1658 ux.
1486 1628 1648 1669 particeps
1672 1631 1721 1659 est
1745 1639 1813 1659 om-

153 1680 240 1710 nium
265 1679 451 1710 oracionum
474 1689 493 1710 a
517 1678 610 1710 nobis
632 1678 821 1710 fiendarum.

256 1731 340 1763 Item
364 1731 495 1772 quidam
519 1730 538 1761 l.
556 1731 684 1762 nomine
702 1729 868 1762 Oonradus
885 1730 1015 1762 Schmid
1041 1730 1080 1762 de
1098 1731 1280 1772 Pregancia
1303 1742 1375 1762 cum
1400 1741 1457 1762 sua
1481 1731 1618 1772 coniuge
1634 1731 1812 1773 Dorothea,

109 1794 135 1813 ³0
154 1783 208 1824 qui
230 1774 262 1813 in
284 1788 320 1813 n⁰
336 1785 495 1814 conventu
518 1782 700 1814 habuerunt
718 1781 880 1824 quendam
896 1782 996 1814 filium
1013 1783 1140 1814 nomine
1156 1782 1324 1822 Melchior,
1349 1783 1553 1814 contulerunt
1568 1783 1660 1814 nobis
1680 1786 1738 1814 100
1755 1783 1813 1814 flo-

153 1844 248 1865 renos
269 1833 437 1865 Renenses
461 1836 494 1865 et
516 1837 589 1864 sunt
611 1833 693 1864 libro
716 1836 916 1864 mortuorum
939 1834 1082 1875 inscripti
1105 1834 1199 1865 XIII.
1217 1835 1280 1866 kal.
1297 1834 1502 1866 Novembris.

255 1885 339 1917 Item
363 1885 494 1927 quidam
517 1885 575 1917 civ.
590 1885 718 1916 Wienn.
735 1885 863 1916 nomine
880 1885 998 1916 Petrus
1014 1885 1122 1917 Sturm
1132 1886 1170 1927 ²),
1194 1887 1250 1918 cfr.
1265 1897 1305 1926 n.‚
1328 1887 1506 1918 construxit
1522 1887 1696 1918 secundam
1713 1890 1813 1918 testu-

153 1936 262 1969 dinem
292 1938 324 1968 in
351 1937 473 1968 ambitu
502 1937 586 1968 circa
613 1940 739 1978 portam
766 1947 877 1968 versus
905 1937 1025 1968 curiam
1052 1942 1119 1968 nm.
1171 1937 1262 1969 Idem
1287 1938 1421 1969 contulit
1444 1938 1537 1969 nobis
1561 1940 1600 1970 32
1616 1943 1645 1969 0).
1664 1944 1704 1975 054
1734 1939 1813 1970 item

153 1988 230 2020 fecit
259 1988 330 2020 fieri
353 1989 537 2030 ymaginem
561 1988 583 2019 si
599 1988 726 2020 Nicolai
749 1989 781 2020 in
805 1990 873 2020 eius
897 1989 1023 2030 capella
1045 2000 1142 2031 super
1165 1990 1274 2030 altari,
1306 2001 1403 2031 quam
1426 1991 1496 2032 ipse
1520 1990 1584 2021 suis
1607 1990 1639 2021 in
1663 1992 1814 2032 expensis

109 2053 135 2072 ³5
154 2040 231 2072 fecit
254 2040 395 2081 depingi,
418 2040 474 2071 ubi
496 2041 582 2071 iacet
605 2040 758 2081 sepultus.
807 2040 867 2071 Ob.
885 2044 993 2072 autem
1017 2041 1165 2072 kalendis
1190 2042 1320 2083 Aprilis.

257 2091 341 2123 Item
369 2091 499 2133 quidam
530 2091 694 2124 aurifaber
717 2093 846 2123 nomine
868 2092 986 2124 Petrus
1010 2092 1050 2125 de
1074 2093 1161 2124 Auln
1184 2092 1319 2124 contulit
1341 2093 1432 2125 nobis
1455 2104 1513 2135 pro
1538 2094 1682 2126 remedio
1707 2094 1813 2126 anime

153 2153 210 2175 sue
238 2143 386 2184 calicem,
419 2153 481 2185 quo
510 2143 642 2174 cottidie
669 2144 789 2174 utimur
816 2144 848 2174 in
876 2154 1001 2175 summo
1025 2144 1128 2175 altari.
1175 2144 1268 2177 Idem
1292 2146 1426 2177 contulit
1449 2146 1481 2177 in
1504 2149 1654 2187 prompta
1677 2146 1813 2187 pecunia

153 2197 194 2226 20
218 2195 370 2236 florenos,
403 2195 458 2237 qui
486 2205 545 2236 per
575 2194 674 2226 abb⁶¹¹²
697 2194 867 2226 Nicolaum
899 2196 932 2226 in
961 2196 1153 2228 necessitate
1182 2197 1321 2239 expositi
1348 2200 1422 2229 sunt
1451 2208 1509 2239 pro
1537 2198 1699 2229 communi
1728 2197 1813 2229 bono

153 2247 258 2289 patrie
282 2250 393 2279 contra
416 2247 567 2279 Hussitas
591 2249 728 2289 patriam
753 2248 972 2280 molestantes.

110 2311 136 2331 40
257 2299 341 2331 Item
371 2299 501 2341 quidam
531 2295 590 2331 civ.
607 2299 736 2331 Wienn.
760 2299 921 2331 Iohannes
951 2299 1163 2342 Mosprunner
1174 2301 1201 2343 3)
1232 2301 1367 2332 contulit
1398 2312 1455 2343 pro
1489 2312 1546 2333 suo
1576 2301 1695 2333 anniv³⁰
1724 2303 1765 2332 20
1784 2306 1814 2332 a,

154 2353 303 2392 prompte
325 2351 472 2392 pecunie,
497 2350 584 2392 quod
598 2351 773 2392 ,peragitur
795 2351 838 2383 II.
855 2351 907 2393 yd.
925 2351 1084 2383 Octobris.

258 2401 342 2434 Item
356 2402 487 2444 quidam
502 2403 615 2434 doctor
629 2403 661 2434 in
677 2403 746 2434 iure
762 2403 865 2435 dictus
878 2403 1017 2435 Iodocus
1029 2403 1161 2435 Gossolt
1176 2403 1322 2435 officialis
1338 2405 1370 2435 in
1383 2404 1559 2446 Salczburg
1574 2404 1708 2436 contulit
1721 2404 1814 2436 nobis

156 2453 236 2485 duas
249 2464 391 2485 summas
405 2454 428 2485 si
438 2454 562 2486 Thome
574 2454 728 2486 videlicet
741 2455 879 2496 primam
894 2458 926 2487 et
940 2454 1115 2486 secundam
1129 2455 1279 2487 secunde.
1314 2456 1376 2487 Ob.
1390 2459 1499 2488 autem
1510 2456 1568 2487 VI.
1578 2456 1642 2488 kal.
1653 2455 1813 2487 Octobris.

258 2505 342 2537 Item
366 2505 497 2547 quidam
520 2516 606 2547 mag.
623 2507 742 2538 arcium
759 2506 913 2538 Nicolaus
936 2506 977 2538 de
993 2507 1123 2548 Lauczg
1146 2507 1280 2539 contulit
1302 2507 1395 2539 nobis
1419 2508 1604 2549 questiones
1627 2517 1814 2539 communes

113 2569 137 2589 45
156 2567 254 2598 super
275 2557 416 2588 secundo
441 2558 719 2600 sentenciarum.⁴)
766 2557 827 2589 Ob.
844 2561 952 2590 autem
976 2558 1051 2590 VII.
1068 2559 1133 2590 kal.
1152 2558 1311 2590 Octobris.

260 2643 284 2675 Ι)
303 2643 371 2668 Loco
389 2644 491 2669 numeri
508 2645 619 2676 epatium
636 2653 745 2670 vacuum
761 2646 900 2677 praecedit.

266 2702 286 2736 ¹)
305 2702 347 2729 Sc.
365 2702 496 2729 Vincentii
514 2703 715 2730 Bellovacensis.
823 2704 845 2738 ²)
863 2704 898 2730 In
917 2704 982 2731 libro
1000 2704 1175 2738 diplomatum
1192 2713 1218 2731 a.
1234 2709 1300 2732 1455
1317 2705 1483 2733 nominatur.
1590 2707 1612 2740 ⁸)
1631 2707 1764 2734 Eiusdem
1782 2709 1813 2734 in

157 2744 345 2778 dipkrmztvhus
362 2745 445 2771 armis
463 2748 626 2772 1385—1411
642 2747 751 2780 saepius
768 2747 866 2773 mentio
882 2747 920 2780 fit.
1018 2748 1040 2782 ⁴)
1060 2747 1138 2775 Fert.
1151 2748 1302 2781 questiones
1321 2757 1389 2782 quas
1401 2749 1464 2777 Nic.
1477 2749 1635 2784 Eymem'cus
1653 2750 1762 2784 scripsit
1780 2751 1814 2778 de

159 2787 259 2814 XXII
274 2788 408 2822 aniculis,
431 2789 471 2814 ‘in
493 2788 589 2822 quibas
610 2789 737 2823 mayister
759 2789 868 2823 (Petrus
890 2790 1068 2823 Lambardus)
1091 2791 1264 2817 cmnmuniter
1291 2799 1347 2817 mm
1372 2791 1533 2826 sustinetur,
1563 2793 1643 2819 immo
1668 2794 1816 2820 communis·

116 2838 142 2857 so
159 2830 251 2864 opinio
269 2834 336 2857 tenet
352 2831 537 2865 contrarium’,
554 2834 590 2867 cf.
603 2832 802 2860 Wctzer-Welte
820 2833 868 2859 IX
881 2837 944 2860 1920
955 2841 992 2867 sq.

262 2882 347 2910 Nm.
360 2883 466 2911 ΡΑι-Λν.
1169 2903 1176 2908 -
1571 2888 1606 2914 40
