2150 3178
380 184 443 216 368
787 181 1054 210 NECROLOGIUM
1072 181 1301 210 MONASTERII
1319 182 1434 210 cmm
1453 182 1641 211 LILIORUM.

380 269 483 302 latius
504 269 677 311 dispositis,
700 271 793 302 notas
813 279 885 302 vero
907 269 1049 311 reliquas
1063 279 1144 302 saec.
1161 271 1213 302 13.
1236 269 1413 311 descriptas
1434 269 1550 302 litteris
1570 270 1746 303 maioribus
1766 269 1866 303 latius
1881 271 2044 312 dispositis

378 322 474 354 uncis
488 321 632 361 inclusis,
647 323 742 353 notas
755 331 836 354 saec.
851 323 902 354 14.
918 321 1059 354 adiectas
1073 321 1190 354 litteris
1203 321 1387 361 maioribus,
1402 332 1483 354 saec.
1496 322 1548 355 15.
1562 322 1727 364 appositas
1741 322 1855 355 litteris
1869 323 2045 357 maioribus

378 373 473 406 uncis
495 373 638 413 inclusis,
660 375 754 406 notas
775 383 847 406 vero
868 383 948 406 saec.
966 375 1017 406 16.
1033 373 1176 406 ineuntis
1197 373 1338 415 reliquas
1360 376 1486 406 tantum
1508 373 1637 406 sekctas
1654 373 1770 407 litteris
1783 375 1919 407 minutis
1933 375 2045 408 curavi

379 425 608 458 exscribendas.
654 425 758 458 Notas
779 435 859 458 saec.
876 427 927 457 16.
947 427 977 457 et
999 425 1050 458 17.
1066 425 1277 467 necroloyicas
1298 436 1341 465 eo,
1368 426 1454 466 quod
1473 426 1510 458 in
1532 425 1588 458 hoc
1610 435 1700 466 opere
1720 425 1911 459 solummodo
1933 437 2044 460 monue-

379 480 485 510 menta
514 478 613 510 medii
642 478 712 510 aevi
742 478 779 509 in
809 477 910 510 lucem
938 477 1094 516 eduntur,
1127 477 1253 510 silentio
1279 487 1416 520 prorsus
1439 477 1652 518 praetermisi.
1706 477 1762 510 Ad
1789 477 1953 511 columnas
1981 481 2046 511 tres

380 531 411 561 1.
433 529 659 562 monachorum
685 529 944 570 monialiumque,
973 531 1004 562 2.
1028 539 1258 569 conversorum,
1288 531 1318 562 3.
1342 529 1558 570 familiarium
1584 529 1669 572 typis
1697 530 1920 570 exprimendas
1948 529 2046 572 sigla:

380 581 409 612 1.
434 580 484 612 M.
517 581 549 613 2.
576 580 644 614 GV.
678 582 709 613 3.
733 580 849 613 FAM.
872 581 1015 614 adhibui.

483 641 514 673 2.
547 641 642 674 Liber
660 642 866 681 fraternitate
884 642 1119 682 foederatorum
1139 641 1326 674 monasterii
1343 641 1591 682 campililiensis
1606 652 1627 673 a
1642 652 1743 675 manu
1757 652 1837 676 saec.
1851 643 1902 675 15.
1919 642 2047 676 librarii

381 694 559 734 descriptus
580 694 746 726 memorati
766 694 936 735 necroloyii
959 693 1076 726 codicis
1097 693 1176 733 solio
1191 695 1255 725 118
1275 694 1462 732 continetur,
1485 694 1543 735 qui
1563 693 1604 726 ab
1626 694 1730 727 eodem
1753 694 1876 727 doctore
1891 694 2048 728 Heinrico

380 746 484 786 equite
498 756 519 777 a
535 745 697 786 Zeissbery
715 745 858 786 primum
879 745 1027 786 vulgatus
1041 747 1087 778 est
1102 745 1160 788 (cf.
1178 745 1242 779 loco
1259 746 1355 778 citato
1364 756 1401 786 p.
1415 746 1611 788 186-188),
1634 754 1726 787 quem
1742 745 1857 779 litteris
1871 746 2048 780 maioribus

382 798 621 830 exscribendum
643 797 757 830 curavi
778 797 872 839 typis.

485 858 514 891 3.
548 857 672 891 Tabula
701 858 997 891 anniversariorum
1025 859 1212 891 monasterii
1243 858 1491 900 Campililiensis
1521 857 1599 898 solio
1628 858 1793 891 chartaceo
1823 868 1904 891 saec.
1927 859 1978 891 19.
2008 869 2049 892 ex

380 910 548 942 vetustiore
575 910 687 943 tabula
713 920 800 942 nunc
822 910 944 942 amissa
964 910 1078 950 forsan
1100 911 1259 952 descripta
1282 911 1317 943 in
1339 910 1485 943 ecclesiae
1505 910 1657 943 sacristia
1678 913 1863 943 asservatur
1885 913 1915 943 et
1936 920 1959 943 a
1979 911 2048 944 viro

381 962 556 994 clarissimo
579 961 618 994 P.
635 961 741 994 Paulo
758 961 881 994 Tobner
902 961 1112 1003 (Grabstcine
1133 963 1204 995 und
1226 962 1479 996 Grabdenkmale
1500 963 1536 995 in
1558 962 1615 995 der
1633 962 1754 995 Kirche
1775 962 1845 995 und
1866 963 1911 995 im
1925 962 2048 996 Krena-

378 1025 478 1056 9anqe
504 1015 559 1047 des
581 1014 692 1055 Stiftes
714 1014 888 1056 Lilae'enfeld
905 1025 939 1057 p.
957 1015 1022 1046 137
1031 1016 1114 1055 sqq.)
1130 1015 1309 1055 praemisso
1334 1015 1372 1048 de
1394 1025 1433 1047 ea
1455 1017 1598 1047 tractatu
1620 1016 1805 1056 aryumento
1826 1014 1937 1047 critico
1954 1014 2050 1056 pleno

378 1067 520 1107 primum
536 1066 662 1107 publici
683 1066 768 1098 iuris
789 1067 880 1106 sacta
901 1069 947 1099 est
970 1066 1026 1107 (cf.
1043 1066 1109 1099 loco
1132 1067 1227 1099 citato
1243 1077 1279 1109 p.
1296 1066 1494 1108 116—137),
1517 1066 1610 1099 cuius
1625 1065 1801 1106 editionem
1823 1076 1920 1107 quam
1935 1065 2050 1100 litteris

382 1118 512 1158 repetivi
533 1118 676 1157 minutis,
699 1117 755 1150 hoc
777 1117 842 1150 loco
863 1120 990 1150 secutus
1011 1128 1092 1150 sum.
1718 1147 1720 1150 .

487 1169 639 1211 Officium
664 1170 884 1211 qratissimum
913 1170 994 1203 mihi
1021 1172 1176 1211 superest,
1207 1173 1244 1202 ut
1273 1170 1530 1203 reverendissimo
1559 1169 1684 1202 domino
1713 1169 1841 1203 Iustino
1870 1168 2050 1211 Panschab,

381 1222 520 1255 eiusdem
535 1222 674 1255 coenobii
688 1222 796 1255 abbati
810 1222 991 1262 venerabili,
1015 1233 1054 1255 ac
1069 1223 1137 1255 viro
1152 1222 1329 1256 clarissimo
1344 1222 1383 1255 P.
1397 1221 1502 1255 Paulo
1520 1221 1651 1261 Tobner,
1666 1221 1828 1262 subpriori
1841 1231 1880 1254 ac
1895 1221 2052 1255 tabularii

381 1274 506 1307 custodi
532 1275 645 1315 optime
670 1275 795 1313 merito,
825 1275 910 1315 quod
938 1275 1042 1307 codice
1067 1275 1152 1307 domi
1178 1275 1290 1307 utendi
1315 1274 1395 1307 mihi
1423 1273 1584 1306 licentiam
1606 1274 1826 1313 concesserint,
1857 1274 1908 1307 hic
1928 1283 2051 1316 quoque

379 1327 506 1368 qratias
527 1337 620 1368 aqam
642 1327 773 1359 debitas.

416 1487 447 1523 1.
476 1476 977 1524 NECROLOGIUM
1004 1477 1423 1525 MONASTERII
1450 1478 1662 1526 CAMPI
1689 1478 2026 1526 LILIORUM.

1078 1581 1357 1619 IANUARIUS.

399 1660 423 1687 1.
560 1659 618 1688 kal.
651 1655 719 1688 GV.
745 1654 940 1698 [Siglohus
963 1666 1010 1688 ον.
1056 1656 1264 1689 Heinrieus
1290 1667 1340 1689 cv.
1357 1657 1394 1690 in
1417 1655 1586 1700 Zwetel]
1631 1657 1673 1690 D.
1688 1656 1842 1690 Nicolaus
1861 1656 1903 1689 de
1919 1656 2050 1690 Iaurino

694 1708 753 1740 civ.
776 1708 809 1739 in
832 1708 927 1740 Buda
954 1708 1123 1750 honestus,
1153 1708 1259 1741 fidelis
1287 1709 1409 1741 amicus
1438 1708 1562 1749 domui,
1594 1708 1685 1741 dedit
1710 1708 1804 1741 nobis
1830 1710 1890 1742 130
1910 1708 2051 1741 florenos

695 1759 918 1802 Ungaricales.
942 1760 1058 1792 ΒΑΜ.
1076 1759 1304 1804 [Leutoldus
1319 1760 1434 1793 fam¹·.
1464 1760 1682 1793 Pernoldus
1698 1759 1827 1804 fam¹·.]
1855 1760 2049 1793 D.Wiehar-

696 1811 755 1843 dus
779 1811 820 1844 de
843 1812 948 1855 Topel
962 1812 1000 1855 ¹),
1029 1812 1132 1845 bonus
1155 1813 1277 1845 amicus
1299 1811 1424 1844 domus.
1471 1811 1609 1844 sifridus
1632 1811 1789 1845 Golstaiu.
1834 1812 1930 1845 Ieuta
1951 1811 2049 1845 famss.

696 1863 757 1896 Ob.
765 1863 1143 1906 Rugeruswidmendffl,
1155 1864 1335 1905 servicium,
1352 1863 1393 1896 de
1406 1874 1471 1907 quo
1483 1864 1643 1896 habemus
1656 1865 1826 1902 servicium
1838 1863 2050 1907 honestum&

693 1915 844 1947 Alheidis
867 1915 966 1948 fam¹¹.
1012 1916 1107 1948 Ieuta
1131 1916 1171 1948 de
1193 1915 1231 1948 S⁰
1246 1915 1391 1958 Ypolito.
1437 1915 1499 1948 Ob.
1515 1915 1615 1958 Eysal
1637 1927 1691 1949 ux.
1707 1916 1821 1949 iudicis
1843 1916 1876 1948 in
1893 1915 2049 1949 Planieie.

697 1967 775 2000 Otto
796 1967 942 2000 officialis
965 1969 997 2000 in
1017 1967 1226 2011 Schrenpaoh
1249 1971 1282 2000 et
1304 1979 1358 2000 ux.
1376 1968 1445 2000 eius
1461 1967 1655 2010 Emtraut.¹’)
1700 1967 1855 2000 Nioolaus
1870 1966 2051 2000 Newchum

697 2023 730 2051 et
757 2031 810 2052 ux,
835 2021 905 2052 eius
928 2020 1025 2052 Clara
1053 2020 1094 2052 de
1119 2019 1278 2062 Wyenna.
1325 2019 1487 2052 christina
1511 2019 1694 2062 Ohemphin
1724 2020 1765 2053 de
1788 2021 1931 2054 Wienna
1960 2019 2052 2053 dedit

697 2072 817 2104 bonam
839 2073 967 2104 vineam
990 2075 1024 2104 et
1046 2071 1140 2114 plura
1163 2072 1249 2104 bona
1272 2072 1407 2104 contulit
1430 2071 1549 2104 domui.

402 2128 425 2154 2.
498 2127 623 2155 lV.n0n.
649 2123 716 2156 CV.
742 2123 833 2155 Otto
863 2134 915 2156 cv.
940 2125 976 2155 in
1005 2123 1367 2166 Poumgartinberg.
1412 2123 1526 2156 FAM.
1560 2124 1704 2157 Reichza
1731 2124 1859 2167 fam¹·.⁰)
1907 2123 2051 2156 Diti-icus

698 2176 798 2208 iudex
821 2177 853 2208 in
876 2175 1048 2218 Durnzefl)
1094 2175 1325 2218 Chunradus.⁰)

401 2232 425 2259 3.
492 2232 545 2259 111.
558 2240 622 2259 non.
648 2228 710 2260 CV.
728 2228 920 2260 Ghunradus
937 2228 1182 2260 elemosinarius
1197 2239 1244 2260 cv.
1268 2228 1382 2260 FAM.
1400 2227 1659 2271 ffertholdus,
1675 2227 1889 2270 Methildis,
1907 2226 2050 2270 fum⁸¹.‘)

697 2279 916 2322 Wolfgerus
938 2279 1326 2323 ⁸)Pu0hpergariush)
1354 2280 1400 2312 de
1423 2279 1706 2323 Radeprunne]
1751 2278 1891 2323 [Ulricus
1912 2279 2051 2311 Fuerter

697 2331 860 2373 quondam
883 2331 982 2364 iudex
1005 2332 1038 2363 in
1057 2330 1342 2374 Wilhamspurch.]

402 2388 427 2414 4.
511 2387 544 2414 ΙΙ.
558 2395 622 2414 non.
647 2383 695 2415 M.
722 2382 787 2415 Ob.
805 2383 1026 2415 Friderieus
1049 2394 1121 2415 sac.
1139 2386 1176 2415 et
1197 2394 1240 2415 m.
1286 2382 1368 2426 [Leo
1392 2393 1455 2415 sae.
1473 2385 1506 2415 et
1521 2394 1564 2415 m.
1610 2382 1738 2415 Ulricus
1757 2393 1820 2415 sae.
1839 2385 1872 2414 et
1886 2392 1930 2414 m.
1975 2381 2048 2415 Ste-

696 2435 822 2477 phanus
849 2445 913 2467 sac.
938 2439 971 2467 et
996 2446 1038 2466 m.
1061 2436 1094 2466 in
1115 2435 1212 2467 Valle
1234 2434 1308 2467 Dei.
1359 2434 1421 2466 Ob.
1437 2434 1618 2467 Katherina
1645 2439 1732 2467 com*
1759 2437 1794 2466 et
1816 2433 1989 2466 domicella
2015 2433 2050 2465 in

490 2538 514 2571 “)
533 2539 619 2571 Super
642 2540 697 2565 loco
722 2548 784 2565 raso
807 2540 928 2572 scriptum
950 2544 974 2565 et
991 2541 1104 2572 sequitur
1122 2540 1194 2565 locus
1211 2548 1296 2565 rasus.
1333 2539 1368 2564 In
1386 2540 1503 2572 marqine
1521 2548 1539 2564 a.
1555 2548 1636 2564 manu
1654 2547 1720 2564 saec.
1733 2541 1772 2564 14.
1791 2541 1908 2564 minim-2
1930 2537 2049 2563 Pitanois

387 2583 418 2608 de
445 2591 489 2608 ma
508 2602 513 2608 .
534 2602 539 2608 .
565 2583 723 2613 Smerberim
755 2583 787 2608 ab
814 2583 870 2608 alia
897 2591 978 2607 manu
1005 2583 1110 2615 aequali
1135 2583 1290 2615 apponitur:
1318 2583 1468 2608 cellerarius
1495 2583 1526 2608 de
1553 2583 1630 2608 vinea
1648 2601 1655 2608 .
1675 2601 1681 2608 .
1700 2600 1707 2608 .
1726 2601 1733 2607 .
1756 2582 1795 2607 111
1822 2582 1904 2606 frusta
1930 2580 2048 2613 piscium.

386 2625 410 2658 b)
430 2626 488 2651 Hoc
500 2634 593 2651 nomen
605 2626 662 2651 alia
673 2634 754 2651 manu
767 2630 789 2652 et
801 2626 855 2652 alio
867 2626 952 2652 colore
964 2627 1095 2659 scriptum.
1174 2626 1197 2658 0)
1215 2626 1286 2651 Nota
1298 2626 1375 2651 huius
1386 2626 1498 2651 nominis
1509 2626 1594 2652 colore
1606 2626 1686 2651 rubro
1698 2625 1804 2657 scripta.
1882 2621 1908 2655 d)
1927 2622 2049 2655 Sequim-

386 2673 449 2694 nota
466 2669 628 2701 necroloyica
646 2677 731 2694 erasa.
829 2668 851 2701 θ)
870 2669 970 2695 Nomen
988 2669 1035 2695 hoc
1053 2677 1157 2695 erasum
1175 2670 1260 2695 colore
1277 2669 1356 2695 rubro
1374 2669 1496 2702 scriptum
1513 2673 1578 2695 erat.
1673 2667 1695 2701 ἲ)
1715 2666 1835 2700 Sequim-
1852 2674 1945 2692 nomen
1963 2665 2049 2691 colore
2090 2669 2100 2679 '

387 2712 465 2737 rubro
484 2712 634 2744 inscriptum
652 2720 764 2737 erasum.
869 2712 895 2745 Β)
915 2713 1048 2745 Sequentis
1065 2713 1176 2738 nominis
1194 2717 1257 2738 nota
1274 2713 1359 2738 colore
1376 2713 1456 2738 rubro
1474 2713 1572 2745 scripta
1589 2716 1653 2738 erat.
1758 2709 1784 2743 11)
1802 2709 1903 2736 Nomen
1925 2717 1956 2734 ιω
1969 2711 2048 2741 parte

386 2763 490 2780 erasum
508 2759 532 2780 et
544 2754 622 2787 prius
639 2756 853 2789 Puehpergarinn
872 2757 994 2789 seriptum
1012 2760 1076 2781 erut.

494 2823 513 2855 ¹)
531 2822 569 2849 In
588 2822 775 2856 diplomatibus
795 2823 1015 2850 Gottwieensihus
1033 2833 1058 2850 a.
1073 2827 1136 2851 1314
1154 2826 1178 2850 et
1195 2823 1308 2851 ulterius
1325 2831 1401 2857 saepe
1418 2825 1588 2854 Μοθωναίαν.
