2150 3178
300 176 361 208 176
421 172 688 201 NECROLOGIUM
707 171 814 199 PATR.
826 170 1003 198 MINORUM
1023 167 1346 198 CONVENTUALIUM
1365 167 1416 195 AD
1434 167 1461 196 S.
1474 166 1622 196 CRUCEM
1640 166 1842 196 VINDOBON.

612 262 739 292 mento
762 258 855 291 abb·
878 257 918 290 8⁶
940 257 1053 290 Clare
1076 257 1193 290 habet
1216 255 1419 299 porrigere
1442 254 1546 287 frma.
1572 256 1614 287 12
1629 256 1661 298 β.
1677 259 1703 293 0).
1725 258 1785 288 ter
1807 255 1845 287 in
1867 265 1966 287 anno

612 312 780 352 divisim,
803 309 951 351 Georii,
974 309 1206 342 Michahelis
1229 312 1267 342 et
1289 309 1326 340 in
1348 311 1590 351 pentecoste,
1612 311 1650 341 et
1669 310 1714 342 60
1731 313 1753 347 o>
1775 308 1823 342 ad
1839 319 1966 342 curam

611 365 701 405 frum,
725 362 958 405 ubicumque
975 361 1206 395 celebratur.
1244 361 1292 394 Et
1306 361 1371 393 isti
1391 360 1540 393 denarii
1556 359 1694 393 dantur
1709 361 1755 394 de
1770 360 1845 393 hiis
1859 361 1967 403 locis,

613 415 800 448 videlicet
823 415 870 447 de
893 425 966 446 una
989 414 1099 446 domo
1123 413 1230 456 sita2)
1254 414 1363 445 iuxta
1381 412 1531 445 domum
1553 411 1671 446 Chiel.
1709 412 1967 452 Secundatto).

614 468 827 510 porrigitur
856 466 902 499 de
930 465 1126 509 aliquibus
1154 466 1290 507 vineis,
1320 464 1387 498 sed
1410 464 1606 497 rarissime
1630 464 1761 498 debito
1783 467 1968 507 tempore,

613 520 717 562 quia,
748 518 850 562 quod
873 518 1035 551 deberet
1058 518 1138 550 dari
1163 517 1311 558 Georii,
1341 517 1404 548 vix
1432 516 1544 549 datur
1566 516 1811 559 Michahelis,
1841 519 1969 550 tamen

614 582 764 614 semper
788 571 908 604 datur.
955 569 1046 614 [In¹’)
1068 569 1207 612 vigilia
1229 569 1259 602 b.
1277 568 1438 611 Georgii
1461 568 1528 601 fr⁶·
1546 568 1691 601 faciant
1711 569 1835 602 anniv.
1852 569 1886 602 di
1902 568 1969 602 Or-

614 623 703 656 tolfi
726 623 917 656 Tetschan
941 626 978 655 et
1000 622 1076 654 uxf·
1098 632 1163 654 sue
1187 621 1226 653 d⁸
1248 621 1413 664 Agnetis
1436 623 1475 653 et
1497 620 1573 653 filii
1596 631 1725 654 eorum
1749 620 1782 653 d*
1799 620 1970 664 Georgii,

615 678 716 709 sicut
738 686 870 718 parum
891 674 1026 717 infraq
1050 672 1264 717 invenitur.]

303 735 346 764 24.
398 733 540 762 Vl11.ka1.
563 729 619 762 De
649 728 690 760 d·
712 727 892 761 Gedrude
924 727 970 759 de
1001 726 1251 769 Ghranperch
1284 727 1326 758 12
1346 727 1379 768 β.
1399 730 1423 764 o).
1449 725 1518 758 illo
1547 725 1608 758 die
1638 725 1784 758 dantur.
1836 725 1971 759 Anniv.

616 779 811 813 Ohunradi
835 778 1074 819 Vaschanch,
1108 779 1252 811 rasoris
1282 777 1390 810 ducis
1411 777 1579 819 Alberti,
1612 777 1848 819 celebretur,
1881 778 1972 821 quia

618 832 756 865 relicta
778 831 880 873 sua0)
897 830 965 863 illo
988 830 1085 874 diec)
1101 830 1219 863 habet
1240 830 1443 873 porrigere
1466 829 1568 862 frum·
1584 831 1603 862 2
1619 834 1645 862 a
1666 834 1689 868 ᾲ
1707 840 1774 872 pro
1790 830 1971 873 pitancia,

618 889 654 917 ct
677 885 743 916 isti
764 883 913 916 denarii
929 882 1068 915 dantur
1084 882 1129 915 de
1145 885 1258 925 stupa
1273 893 1340 914 sua
1356 882 1559 925 balniarid)
1575 882 1651 915 sita
1667 883 1776 915 iuxta
1791 882 1861 915 Sum
1875 882 1972 915 Pan-

618 937 790 979 gracium
803 934 854 980 [et
869 935 915 967 de
932 934 1043 967 domo
1060 935 1243 977 contigua
1257 934 1433 977 balam),
1450 935 1552 967 sicut
1566 935 1681 968 litere
1698 934 1974 968 demonstrant.

618 988 660 1020 D.
677 987 854 1020 Ortolfus
877 987 952 1020 mil.
969 986 1178 1028 Tetschan,
1204 997 1276 1029 ⁸pro
1304 987 1379 1019 isto
1406 990 1445 1019 et
1466 992 1534 1034 ux·
1556 998 1624 1020 sua
1646 987 1798 1030 Agnete
1821 997 1865 1020 ac
1889 986 1974 1020 filio

619 1042 788 1083 ipsorum
805 1039 957 1081 Georio‚
974 1039 1171 1082 sepultis⁹)
1186 1039 1223 1071 in
1239 1038 1441 1082 sepultura
1456 1038 1559 1071 d⁰¹¹²⁰²
1576 1039 1622 1071 de
1634 1038 1827 1082 Rappach,
1842 1042 1974 1072 tenen-

620 1097 681 1125 tur
706 1093 773 1125 fr⁹·
796 1091 926 1125 facere
953 1092 1076 1124 anniv.
1100 1092 1139 1123 in
1162 1091 1299 1134 vigilia
1323 1090 1351 1123 s¹
1367 1089 1500 1124 Georii
1523 1101 1605 1123 cum
1628 1091 1777 1134 vigiliis
1800 1094 1839 1124 et
1860 1092 1976 1124 missa

621 1144 903 1185 defunctorum,
935 1147 973 1176 et
999 1144 1083 1186 ipso
1113 1143 1175 1175 die
1204 1143 1328 1176 danda
1356 1146 1415 1176 est
1441 1143 1611 1186 pitancia
1637 1143 1742 1175 frum·
1765 1154 1832 1186 pro
1855 1144 1976 1176 multa

622 1196 829 1229 eorundem
857 1196 903 1228 ad
929 1198 1098 1228 nostrum
1128 1195 1298 1228 ordinem
1329 1194 1520 1235 amicicia,
1549 1196 1587 1227 in
1610 1196 1720 1228 cuius
1742 1196 1889 1238 signum
1913 1195 1975 1228 de-

621 1249 759 1281 derunt
781 1248 891 1280 nobis
913 1258 1041 1280 aream
1065 1248 1173 1280 iuxta
1197 1247 1414 1290 pistrinam,
1436 1247 1500 1279 ubi
1523 1247 1653 1280 fuerat
1674 1257 1747 1280 una
1769 1247 1915 1288 domus,
1939 1248 1977 1280 in

623 1311 696 1344 qua
726 1300 883 1343 publice
913 1299 1151 1333 abieccionis
1179 1302 1308 1332 scorta
1338 1302 1516 1342 tanquam
1545 1299 1582 1332 in
1613 1299 1769 1342 publico
1798 1299 1977 1343 lupanari

623 1364 661 1386 se
685 1352 989 1393 collocaverant,
1013 1355 1051 1385 et
1072 1351 1234 1394 proinde
1257 1351 1350 1384 illuc
1369 1351 1639 1384 neffandorum
1654 1351 1846 1384 hominum
1861 1352 1976 1384 mani-

624 1406 769 1438 festata
798 1404 871 1437 fuit
899 1404 1141 1447 frequencia,
1174 1403 1220 1437 de
1247 1414 1320 1447 qua
1343 1404 1662 1437 abhominacione
1686 1408 1724 1437 et
1746 1404 1978 1437 detestanda

624 1458 777 1490 vilitate
807 1457 908 1489 fama
935 1460 1147 1490 conventus
1176 1467 1219 1489 ac
1247 1456 1326 1488 t'r'³¹¹¹
1353 1467 1447 1499 pura
1470 1457 1675 1489 sinceritas
1697 1457 1851 1489 nimium
1874 1456 1978 1490 lede-

624 1510 744 1542 batur.
798 1509 845 1541 Et
874 1509 961 1541 ideo
993 1508 1200 1541 notandum
1232 1511 1290 1541 est
1318 1507 1542 1552 diligenter,
1574 1498 1674 1551 quo'd
1703 1509 1739 1541 in
1769 1519 1873 1550 casu,
1904 1519 1978 1552 quo

623 1561 688 1594 fr⁶⁶
706 1572 777 1594 non
801 1564 1035 1604 peragerent
1051 1562 1173 1593 anniv.
1190 1560 1301 1593 modo
1316 1561 1551 1604 prescripto,
1574 1561 1751 1603 predicta
1767 1571 1857 1593 area
1871 1562 1979 1594 iuxta

624 1615 824 1656 pistrinam
848 1618 1009 1645 extensa
1032 1623 1151 1655 usque
1175 1612 1222 1645 ad
1245 1612 1395 1645 domum
1418 1612 1738 1646 d¹dePueel1aim
1756 1613 1978 1647 devolvere-

624 1670 684 1698 tur
706 1665 753 1698 ad
777 1665 941 1698 heredes
965 1676 1030 1698 seu
1046 1665 1278 1707 superstites
1294 1665 1656 1707 prenominatorum.
1695 1665 1738 1697 In
1754 1666 1861 1697 cuius
1875 1667 1979 1708 pacti

628 1718 890 1750 testimonium
914 1717 1005 1749 data
1028 1721 1086 1749 est
1109 1718 1164 1749 eis
1187 1717 1323 1749 littera
1346 1727 1365 1749 a
1388 1720 1577 1749 conventu
1600 1717 1646 1750 de
1669 1718 1871 1751 voluntate
1892 1721 1979 1751 tunc

627 1769 676 1812 p⁵⁸
695 1770 798 1802 min’ri
814 1770 959 1801 munita
983 1769 1112 1811 sigillo
1136 1772 1347 1801 conventus
1370 1772 1407 1801 et
1423 1769 1614 1811 gardiani‚
1638 1769 1748 1802 favor
1764 1771 1863 1803 enim
1879 1771 1981 1813 prin-

628 1821 756 1864 cipis‘)
779 1822 959 1864 requisiti
982 1821 1154 1854 sollicite
1177 1832 1197 1853 a
1219 1820 1494 1853 sublevacione
1510 1821 1686 1864 predicte
1701 1822 1858 1855 miserie
1873 1822 1983 1855 nobis

628 1875 781 1916 penitus
804 1873 975 1917 defecit].

315 1932 358 1960 25.
424 1931 484 1959 VII.
498 1931 555 1958 kal.
578 1927 712 1959 Anniv.
730 1926 763 1958 di
779 1926 975 1959 Chunradi
991 1926 1143 1958 Locher
1159 1925 1381 1958 celebretur
1396 1929 1556 1968 propter
1576 1925 1772 1959 beneficia
1795 1937 1862 1959 sue
1885 1926 1984 1968 sor¹¹,

631 1979 815 2011 videlicet
838 1979 875 2010 d⁶
890 1978 977 2011 Ello
1001 1978 1048 2011 de
1064 1978 1341 2020 Potenstain²)‚
1366 1981 1405 2010 et
1426 1989 1500 2010 non
1523 1972 1764 2011 dimittatur.'
1792 1978 1878 2011 Item
1895 1982 1983 2020 nota,

630 2031 717 2073 quod
745 2031 832 2063 omni
859 2041 943 2063 anno
973 2041 1103 2072 semper
1129 2034 1305 2072 peragatur
1332 2030 1437 2062 anniv.
1460 2030 1495 2062 (1θ
1518 2030 1741 2072 Ghunigundis
1768 2030 1985 2073 Eyssnerinne

630 2087 664 2115 et
693 2084 835 2115 omnium
863 2083 1107 2125 progenitorum
1135 2093 1265 2115 suorum
1292 2082 1376 2114 infra
1400 2085 1549 2115 octavam
1572 2081 1596 2114 s¹
1612 2081 1724 2115 Georii
1746 2083 1911 2125 martyris,
1943 2082 1986 2116 de

629 2146 694 2177 quo
717 2139 893 2167 conventus
916 2134 1016 2167 habet
1038 2135 1171 2177 singulis
1193 2135 1285 2166 annis
1307 2137 1320 2166 1
1337 2139 1363 2166 a
1379 2139 1404 2173 o).
1422 2135 1607 2167 reddituum
1623 2145 1666 2167 ex
1681 2138 1774 2176 parte
1792 2134 1920 2176 edificii,
1945 2134 1986 2168 de

633 2198 697 2229 quo
725 2186 900 2229 gardianus
926 2187 1026 2219 debet
1053 2186 1131 2219 dare
1155 2189 1196 2219 20
1217 2192 1238 2223 o)
1268 2197 1327 2229 pro
1350 2187 1495 2219 sacristia
1518 2189 1552 2219 et
1574 2186 1708 2218 cuilibet
1730 2186 1892 2219 sacerdoti
1916 2189 1935 2220 3
1950 2191 1986 2230 «a,

632 2240 829 2281 superfluum
856 2250 933 2272 vero
961 2250 1019 2281 pro
1049 2250 1113 2271 una
1135 2240 1306 2281 pietancia.
1352 2239 1403 2271 De
1426 2239 1488 2271 hoc
1510 2239 1611 2271 habet
1633 2239 1775 2271 litteram
1797 2241 1984 2271 conventus.

319 2297 362 2325 27.
440 2297 557 2324 VLkal.
579 2291 720 2324 Anniv.
738 2292 983 2324 WVisentonis
1011 2295 1050 2324 et
1072 2302 1142 2325 sue
1165 2292 1244 2324 uxi·
1266 2291 1482 2324 Richardis
1505 2295 1545 2324 et
1566 2291 1876 2334 progenitorum
1899 2301 1986 2323 suo-

633 2354 715 2375 rum
750 2343 1004 2385 celebretur,
1039 2345 1134 2386 quia
1167 2344 1398 2386 recepimus
1431 2344 1479 2376 ab
1514 2354 1557 2376 eo
1594 2345 1638 2375 10
1655 2346 1680 2373 w
1696 2346 1735 2384 oy,
1770 2345 1811 2375 et
1843 2342 1986 2374 habuit

635 2398 652 2426 3
677 2395 791 2427 filios
821 2396 859 2427 in
890 2396 1034 2428 ordine
1065 2395 1162 2428 frum:
1194 2396 1410 2428 Albertum
1439 2396 1655 2436 lectorem,
1686 2395 1765 2427 fr⁰¹¹³
1787 2394 1986 2427 Christia-

634 2447 760 2489 numss)
796 2450 835 2479 et
867 2447 951 2479 frem
981 2447 1209 2481 Ernestum.
1267 2447 1332 2480 Hic
1361 2451 1537 2491 peragatur
1571 2447 1677 2480 anniv.
1702 2446 1732 2479 d¹
1754 2447 1909 2479 Viviancz
1944 2446 1987 2479 de

635 2499 801 2531 Sunberch
834 2503 866 2531 et
899 2499 934 2531 (1⁴³
962 2499 1105 2532 Perchte
1134 2500 1199 2531 uxi⁸
1229 2510 1287 2532 sue
1318 2499 1414 2532 valde
1445 2500 1670 2542 solempniter,
1705 2499 1780 2541 quia
1810 2501 1988 2531 conventus

634 2551 734 2583 habet
763 2551 897 2593 singulis
923 2552 1014 2583 annis
1037 2554 1056 2584 6
1075 2557 1101 2582 e>
1121 2556 1146 2590 ᾦ.
1172 2556 1205 2584 et
1233 2552 1306 2583 illas
1336 2552 1376 2584 de
1406 2551 1503 2584 domo
1530 2552 1593 2583 sita
1617 2551 1650 2582 in
1673 2550 1830 2583 cimiterio
1852 2556 1898 2582 n0.
1947 2550 1987 2582 In

636 2603 688 2635 die
721 2602 744 2634 fsi
770 2602 882 2635 Georii
915 2607 971 2634 aut
1004 2603 1087 2635 infra
1121 2603 1337 2636 ebdomadam
1370 2603 1553 2636 celebretur
1585 2603 1691 2634 anniv.
1719 2601 1986 2646 subscriptorum:

431 2716 455 2748 ⁸)
474 2717 549 2742 sitam
569 2717 624 2742 cod.
721 2716 747 2747 b)
772 2716 848 2742 Uncis
865 2717 967 2742 inclusa
985 2718 1070 2743 colore
1086 2718 1166 2743 rubro
1184 2718 1288 2750 scripta.
1385 2717 1408 2749 c)
1426 2717 1479 2743 Vox
1497 2717 1581 2742 colore
1597 2717 1678 2742 rubro
1696 2724 1772 2749 super
1790 2716 1862 2742 linea
1879 2715 1986 2749 scripta.

326 2758 352 2792 d)
373 2759 435 2785 Cod.
542 2758 564 2791 e)
583 2759 634 2785 Pez
652 2760 763 2785 correaeit
781 2760 808 2784 in
827 2764 901 2785 nota.-
919 2761 1027 2793 sepulto.
1132 2759 1151 2792 ¹)
1170 2761 1314 2794 principum
1333 2761 1389 2786 cod.
1495 2759 1520 2792 8)
1539 2760 1728 2786 Christinarum
1746 2761 1802 2786 cod.

434 2827 454 2860 ¹)
474 2826 521 2853 Ad
538 2830 683 2860 sequentem
701 2827 777 2855 diem.
884 2828 905 2860 ²)
926 2827 966 2860 Cf.
980 2835 1065 2862 supra
1082 2836 1109 2862 p.
1123 2831 1171 2855 169
1179 2836 1224 2862 sq„
1243 2828 1279 2855 ad
1297 2828 1323 2855 d.
1337 2828 1417 2855 Febr.
1430 2831 1455 2856 8.
1479 2833 1484 2837 ”
