2150 3178
316 195 470 223 NECROL.
485 194 663 221 FRATRUM
680 192 857 221 MINORUM
874 191 1166 220 OBSERVANTIUM
1184 191 1413 220 PROVINCIAE
1432 191 1670 220 AUSTRIAGAE.
1763 195 1822 224 157

270 281 302 309 P.
314 281 475 309 Dominicus
493 280 598 308 virtute
616 279 724 308 silentii
743 281 772 307 et
790 278 915 306 oratione
933 278 1116 313 singulariter
1134 278 1278 312 praeditus
1297 287 1322 306 a.
1337 279 1412 306 1489.

269 324 314 352 Fr.
327 324 456 351 Urbanus
474 324 493 351 1.
506 323 760 358 exemplarissimae
778 322 856 350 vitae
874 323 904 350 et
920 329 1040 357 magnae
1058 321 1207 348 charitatis
1225 330 1250 348 a.
1265 322 1339 350 1492.

269 367 300 394 P.
315 366 442 395 Clemens
459 366 494 394 de
513 367 654 402 Amberga
672 365 859 400 praedicator,
879 364 922 391 vir
939 372 1059 399 magnae
1077 364 1258 391 humilitatis.

270 409 301 437 P.
314 409 464 444 Gregorius
482 410 517 437 de
530 408 717 442 Weidhoffen,
735 409 842 436 zelator
859 407 1013 435 altissimae
1031 407 1219 442 paupertatis,
1238 416 1263 434 a.
1280 407 1355 435 1493.

135 463 148 483 ε,
270 453 338 481 Rev.
351 462 378 487 p.
391 452 518 480 Andreas
529 452 564 479 de
578 452 677 484 Leubs,
696 451 739 478 vir
757 452 869 479 centum
888 459 1030 481 annorum,
1049 450 1206 477 devotionis
1225 452 1254 477 et
1272 450 1407 478 orationis
1419 450 1514 484 gratia
1526 450 1709 485 singulariter
1722 451 1822 483 clarus,

165 505 236 524 unus
254 496 288 524 de
306 495 404 531 primis
422 495 520 523 electis
539 495 682 530 lapidibus
701 494 883 529 angularibus
901 493 1070 528 provinciae,
1090 502 1114 520 a.
1130 493 1204 520 1494.

269 538 311 565 Fr.
325 539 435 565 Marcus
453 538 488 566 de
507 537 608 565 Silesia
626 538 653 570 1.‚
672 546 776 571 coquus
794 537 933 564 maximae
951 536 1108 564 devotionis
1127 538 1156 563 et
1174 537 1360 570 paupertatis.

270 582 298 608 P.
313 581 441 616 Raphael
460 581 494 608 de
513 581 614 609 Silesia
632 581 758 612 devotus,
777 580 854 615 prius
873 588 934 607 can.
947 579 1084 614 regularis
1102 579 1139 606 ad
1157 580 1215 606 Sum
1226 579 1406 607 Dorotheum.

268 625 298 651 P.
313 624 499 652 Bernardinus
517 624 737 655 Prandstoetter,
756 632 830 658 mag.
842 622 947 651 artium
965 624 994 650 et
1011 623 1148 654 noviorum,
1167 631 1192 649 a.
1207 622 1283 650 1500.

123 677 148 697 ιο
269 667 299 694 P.
313 667 499 695 Bemardinus
517 667 552 695 de
570 667 732 698 Mistlbach,
751 675 824 701 mag.
838 667 868 693 et
886 666 1085 693 baccalaureus
1103 665 1273 700 theologiae,
1293 665 1472 699 praedicator
1490 665 1578 692 bonus
1597 667 1626 693 et
1644 666 1823 700 guardianus,

166 719 192 738 a.
206 710 281 738 1502.

269 753 300 781 Ρ.
314 752 475 780 Ambrosius
494 753 528 779 de
547 752 646 784 Tulna,
665 761 737 779 unns
755 752 789 779 de
808 751 905 786 primis
923 751 1009 778 fribus„

269 797 300 824 P.
311 796 443 828 Adamus,
462 801 489 822 see
501 794 661 830 theologiae
680 795 785 827 doctor,
803 795 852 829 qui
870 796 954 822 antea
972 794 1028 821 fuit
1046 794 1246 827 conventualis,
1265 803 1291 822 a.
1305 795 1381 822 1509.

270 840 301 866 P.
314 838 510 872 Bernardinus,
529 838 596 865 olim
615 837 819 865 commissarius
837 838 1000 872 provinciae
1018 838 1040 864 si
1056 837 1205 870 Francisci,
1224 847 1249 865 a.
1264 838 1338 865 1510.

124 892 149 912 15
271 882 301 909 P.
316 881 464 909 Udalricus
487 882 521 909 de
540 881 712 916 Indenburg,
737 880 873 908 discretus
896 881 932 909 ad
950 880 1120 916 capitulum,
1142 880 1292 916 singularis
1310 880 1478 913 devotionis,
1504 881 1655 915 praecipue
1673 881 1701 907 in
1721 889 1823 908 corona

166 926 193 953 b.
208 925 333 961 virginis.

270 968 301 996 P.
314 968 453 995 Martinus
477 967 511 995 de
530 966 698 1000 Franconia,
723 966 854 1001 specialis
877 967 993 995 devotus
1017 969 1046 994 et
1068 966 1205 1002 regularis
1227 966 1421 994 observantiae
1443 966 1561 998 zelator,
1587 966 1670 993 venll¹³
1688 975 1771 993 senex
1794 967 1824 993 et

167 1020 237 1039 unus
256 1012 291 1038 de
309 1010 407 1046 primis
425 1011 511 1042 fribus,
531 1019 555 1037 a.
570 1011 646 1037 1513.

273 1055 302 1082 P.
316 1053 461 1081 Tiburtius
480 1053 514 1081 de
532 1053 654 1086 Prussia,
672 1062 742 1080 unus
761 1061 794 1080 ex
812 1052 910 1087 primis
929 1053 1013 1079 fribus.

124 1106 150 1127 so
270 1098 302 1125 P.
315 1098 431 1124 Ioannes
444 1097 478 1124 de
487 1096 605 1128 Vienna,
623 1104 697 1131 mag.
708 1095 819 1128 artium,
834 1095 877 1122 vir
888 1096 1116 1130 promptissimae
1129 1095 1315 1127 obedientiae,
1328 1096 1455 1130 sepultus
1468 1095 1496 1122 in
1509 1095 1612 1123 sacello
1626 1096 1646 1122 sl
1658 1095 1824 1123 Theobaldi.

270 1140 301 1168 P.
314 1140 453 1175 Casparus
469 1140 503 1167 de
522 1139 653 1172 Leubniz,
672 1138 701 1165 in
719 1139 779 1166 iure
797 1139 912 1173 peritus,
931 1138 986 1166 fuit
1004 1139 1116 1174 saepius
1135 1139 1314 1174 guardianus.

270 1183 301 1211 P.
314 1183 495 1211 Wenceslaus
513 1183 548 1209 de
566 1182 668 1213 Bruna,
687 1182 884 1209 devotissimus
903 1191 972 1209 unus
991 1191 1024 1209 ex
1043 1182 1141 1217 primis
1160 1182 1244 1210 fribus,

270 1226 338 1254 Rev.
351 1235 379 1260 p.
392 1225 584 1261 Archangelus
603 1225 637 1252 de
650 1225 804 1259 Weitrach‚
825 1225 867 1252 vir
884 1225 912 1251 in
932 1225 1006 1252 omni
1024 1225 1143 1252 scientia
1162 1226 1261 1257 clarus,
1280 1234 1330 1260 per
1348 1226 1443 1253 decem
1456 1234 1542 1253 annos
1555 1225 1730 1260 provinciam
1742 1225 1824 1258 rexit,

167 1269 244 1297 senio
264 1269 407 1297 confectus
425 1268 499 1295 diem
517 1267 622 1295 elausit
639 1270 794 1295 extremum
812 1268 840 1294 in
859 1267 979 1295 sabbato
997 1270 1026 1295 et
1044 1268 1171 1303 sepultus
1191 1270 1234 1296 est
1251 1270 1318 1296 ante
1336 1269 1426 1296 altare
1445 1268 1535 1296 maius
1553 1278 1578 1296 a.
1593 1269 1668 1296 1518.

124 1321 149 1342 25
271 1312 315 1339 Fr.
326 1312 429 1339 Paulus
441 1311 476 1339 de
489 1312 521 1338 S⁰
532 1310 697 1346 Hippolyto,
716 1320 786 1337 unus
806 1319 839 1338 ex
857 1309 1013 1337 senioribus
1027 1311 1188 1345 provinciae
1201 1311 1286 1343 frum,
1304 1311 1539 1339 laboriosissimus
1556 1312 1584 1338 in
1597 1311 1732 1343 omnibus,
1751 1319 1824 1345 quae

168 1355 223 1383 sibi
240 1354 470 1390 iniungebantur.

271 1398 339 1426 Rev.
352 1407 379 1433 p.
393 1397 572 1425 Theobaldus
591 1396 624 1423 de
643 1395 782 1431 Geisling,
806 1394 984 1430 praedicator
1002 1395 1209 1428 celeberrimus,
1235 1397 1380 1431 apostolus
1398 1396 1529 1424 Austriae
1547 1397 1652 1430 dictus,
1677 1397 1726 1432 qui
1748 1397 1825 1425 ultra

168 1442 238 1471 2000
255 1450 411 1469 sermonum
429 1440 539 1468 habuit.
575 1440 655 1466 Hunc
673 1441 736 1466 tota
753 1438 865 1474 planxit
886 1438 1000 1471 Vienna,
1023 1439 1068 1466 ob.
1085 1438 1113 1465 in
1131 1439 1203 1466 festo
1221 1441 1376 1466 nostrorum
1395 1439 1519 1474 quinque
1536 1441 1691 1474 martyrum
1709 1448 1735 1467 a.
1749 1440 1824 1468 1520.

273 1485 340 1511 Rev.
354 1493 382 1519 p.
395 1483 517 1510 Michael
531 1482 719 1513 Praunecken,
738 1481 918 1516 praedicator
934 1481 1078 1513 facundus,
1097 1482 1201 1516 pluries
1218 1483 1311 1509 custos
1323 1484 1353 1509 et
1364 1482 1543 1517 gum-dianus,
1563 1484 1656 1510 custos
1670 1483 1823 1514 custodum,

125 1540 151 1560 30
169 1529 200 1556 in
217 1526 363 1562 theologia
381 1526 501 1561 aliisque
520 1526 646 1553 scientiis
665 1525 864 1552 subtilissimus
883 1526 945 1556 etc.,
964 1533 989 1552 a.
1004 1524 1078 1552 1525.

271 1571 339 1598 Rev.
355 1579 383 1604 p.
399 1569 588 1597 Bernardinus
613 1569 649 1596 de
674 1569 826 1603 Oeringen,
854 1568 896 1594 vir
920 1568 1116 1595 devotissimus
1143 1570 1172 1595 et
1199 1577 1249 1602 pro
1275 1568 1398 1596 fidelium
1425 1569 1580 1596 animarum
1606 1569 1635 1595 in
1661 1569 1825 1603 purgatorio

167 1614 336 1642 liberatione
354 1614 448 1640 orator
466 1611 710 1647 singularissimus,
730 1620 754 1639 a.
769 1611 843 1638 1525.

270 1717 345 1750 Pru
367 1717 407 1749 in
429 1716 582 1749 ecclesis
603 1714 631 1748 s¹
647 1715 801 1756 Ruperti
811 1716 837 1758 ¹)
861 1715 945 1756 post
967 1715 1246 1747 translationem
1271 1714 1417 1755 sepulti.

271 1785 380 1813 Primus
399 1785 428 1812 in
446 1785 499 1812 hoc
518 1785 580 1811 loco
598 1784 726 1819 sepultus
744 1785 787 1811 est
804 1783 965 1818 suprafatus
984 1792 1011 1817 p.
1025 1783 1146 1810 Basilius
1165 1783 1198 1810 de
1212 1783 1405 1815 Gunterstorff,
1424 1783 1510 1811 mirae
1523 1783 1640 1818 pietatis
1653 1792 1707 1811 sac.
1720 1785 1750 1811 et
1763 1793 1825 1811 cum

126 1841 151 1862 35
169 1828 267 1864 primis
284 1829 363 1855 fribu-
381 1828 435 1855 huc
453 1828 636 1859 introductus,
656 1836 681 1855 a.
696 1827 772 1860 1535,
790 1835 873 1860 quem
891 1826 1072 1860 sequentibus
1090 1826 1171 1853 annis
1190 1825 1279 1854 secuti
1297 1828 1362 1854 sunt
1381 1829 1541 1860 sequentes:

274 1872 305 1898 P.
318 1871 453 1906 Georgius
466 1871 500 1899 de
513 1870 620 1898 Lindau
639 1879 694 1897 sac.
708 1879 732 1897 a.
747 1870 820 1897 1537.
853 1870 882 1897 P.
896 1869 1094 1902 Theodoricus,
1113 1869 1225 1904 saepius
1245 1870 1297 1897 vic.
1310 1871 1340 1897 et
1358 1870 1458 1897 ultimo
1476 1870 1505 1897 in
1523 1870 1584 1897 loco
1603 1870 1638 1897 ad
1651 1870 1709 1897 811111
1722 1870 1827 1905 Ruper-

169 1918 238 1947 tum,
257 1923 282 1941 a.
297 1915 371 1942 1537.

272 1957 341 1985 Rev.
354 1967 382 1992 p.
396 1957 614 1991 christophorus
632 1957 666 1984 de
686 1957 821 1989 Thermis,
840 1957 1011 1992 guardianus
1023 1957 1198 1989 Viennensis,
1218 1958 1311 1983 custos
1323 1956 1461 1990 Austriae,
1481 1965 1528 1983 sex
1546 1956 1626 1983 annis
1644 1956 1826 1990 provincialis

170 2001 249 2034 mint,
273 2000 420 2027 facultatis
432 2000 601 2027 Viennensis
619 2009 693 2034 mag.
707 2002 737 2027 et
755 2000 935 2027 concionator
953 2000 1133 2034 apostolicus,
1152 2000 1209 2033 qui,
1228 2001 1378 2034 postquam
1397 1999 1508 2026 domum
1526 2000 1547 2026 si
1561 1999 1680 2034 Ruperti
1698 2008 1716 2026 a
1733 1998 1827 2026 Ferdi-

127 2056 154 2075 ⁴0
171 2044 263 2071 nando
276 2044 473 2075 Romanorum,
492 2042 644 2070 Bohemiae
663 2044 692 2070 et
704 2043 866 2078 Hungariae
884 2051 949 2078 rege
962 2043 1150 2078 impetrasset,
1168 2051 1223 2070 non
1241 2042 1301 2070 sine
1320 2042 1402 2069 iustis
1412 2036 1566 2077 lachrymis
1584 2044 1663 2077 peste
1682 2042 1734 2074 ob.‚
1753 2042 1828 2069 sicut

170 2090 199 2115 et
217 2088 365 2121 sequentes
384 2087 400 2113 5
412 2087 471 2118 fr³⁸‚
490 2095 515 2113 a.
530 2086 608 2114 1540:
634 2095 661 2120 p.
675 2086 815 2113 Achacius
832 2086 867 2112 de
886 2086 986 2117 Puron,
1011 2095 1038 2121 p.
1052 2086 1205 2121 Procopius
1223 2086 1257 2113 de
1276 2085 1370 2118 Cellis,
1393 2085 1449 2113 loci
1467 2085 1529 2117 vic..
1548 2094 1576 2120 p.
1591 2085 1774 2120 Hieronymus
1792 2085 1826 2112 de

170 2130 292 2162 Oroatia,
313 2139 340 2164 p.
353 2129 512 2156 Leouardus
531 2129 566 2156 de
583 2129 692 2161 Scallis,
711 2137 823 2163 coquus,
843 2138 870 2163 p.
884 2129 1034 2163 Philippus
1053 2129 1087 2156 de
1099 2129 1305 2156 Weissenborn.

275 2173 305 2201 P.
319 2173 418 2200 Petrus
436 2172 470 2199 de
489 2172 657 2206 Oeniponto,
675 2171 848 2206 guardianus
866 2174 896 2199 et
914 2174 1006 2199 custos
1024 2172 1163 2203 Austriae,
1182 2181 1207 2199 a.
1222 2172 1297 2199 1541.

275 2216 304 2243 P.
318 2215 443 2243 Mathias
461 2215 495 2242 de
513 2215 669 2247 Monachi0‚
688 2215 866 2249 praedicator
884 2215 1021 2250 egregius
1040 2224 1065 2242 a.
1080 2216 1154 2242 1541.

126 2272 153 2292 45
275 2259 306 2287 P.
320 2258 461 2294 Longinus
479 2259 513 2286 de
527 2258 638 2285 Villaco
656 2258 708 2285 vic.
721 2267 745 2285 a.
761 2259 834 2285 1541.

273 2302 317 2329 Fr.
330 2301 489 2329 Ioachimus
508 2301 569 2328 Tilz
588 2302 614 2333 l.‚
634 2303 731 2328 sartor.

273 2405 349 2438 Fr⁶⁸
372 2405 410 2437 in
432 2405 610 2439 conventu
631 2404 875 2445 Leugbaeensi
883 2405 910 2448 ²)
934 2404 1111 2438 defuncti:

273 2474 303 2500 P.
316 2474 442 2501 Andreas
459 2474 493 2501 de
506 2473 618 2505 Retsch,
636 2472 740 2500 nobilis
759 2482 786 2507 p.
799 2475 828 2500 et
847 2473 876 2500 in
893 2473 1039 2508 provincia
1052 2474 1220 2509 praecipuus
1233 2474 1268 2501 ad
1282 2475 1369 2502 bonos
1382 2482 1471 2501 mores
1484 2473 1653 2508 eutrapeluS,
1673 2472 1826 2507 aliquando

172 2516 376 2544 commissarius
395 2519 424 2544 et
443 2517 555 2552 saepius
573 2516 752 2552 guardianuS.

127 2570 153 2590 ω
274 2560 304 2587 P.
317 2560 459 2587 Marianus
477 2560 511 2588 de
531 2559 667 2591 Doerffen,
686 2559 865 2594 praedicator
883 2560 1059 2594 percelebris.

273 2603 302 2629 P.
316 2603 439 2630 Mathias
457 2603 492 2631 de
510 2603 635 2630 Samaria
654 2603 803 2630 confessor.

277 2734 296 2766 ¹)
315 2732 362 2759 Ad
386 2733 457 2760 hanc
480 2733 612 2760 ecclesiam
636 2732 813 2759 Vindobonae
839 2732 919 2758 sitam
943 2732 1042 2764 fratres
1069 2731 1190 2758 Minores
1216 2731 1340 2758 coenobio
1363 2739 1397 2758 ss.
1418 2730 1567 2758 Theobaldi
1593 2733 1618 2758 et
1642 2730 1828 2758 Bernhardini

169 2784 196 2802 a.
213 2778 276 2803 1529
298 2775 390 2803 diruto
413 2776 589 2803 transienmt.
701 2775 723 2809 ²)
745 2775 783 2802 In
801 2774 1030 2810 Neu-Lenybach
1048 2775 1142 2802 Austr.
1160 2774 1219 2807 Ins.
1236 2777 1380 2802 conventus
1400 2773 1539 2809 Paradysi
1562 2773 1681 2801 claustro
1704 2774 1735 2800 in
1754 2773 1828 2801 Silva

178 2817 375 2845 Vindobonensi
392 2827 418 2846 a.
432 2823 494 2846 1529
511 2818 602 2846 diruto
619 2821 718 2846 erectus
736 2821 781 2846 est.
