2150 3178
650 198 775 225 NOTAE
793 197 1073 225 NECROLOGIOAE
1091 196 1364 224 ZWETTLENSES.
1771 199 1833 230 569

287 283 438 316 Recensio
459 283 561 315 altera
576 284 743 323 posterior,
767 284 801 315 B
819 295 840 315 a
858 295 905 316 me
919 286 1115 324 nuncupata,
1139 284 1255 316 codicis
1270 284 1289 314 5
1305 283 1533 315 membranacei
1555 284 1591 315 in
1607 283 1712 315 eadem
1728 283 1834 315 biblio-

183 335 273 367 theca
298 335 452 367 reconditi
478 334 566 374 foliis
592 334 684 366 263b
711 338 740 366 et
765 336 830 366 264
858 336 1048 373 continetur,
1077 345 1159 375 quae
1188 336 1222 367 in
1250 337 1402 375 quattuor
1431 334 1583 366 columnis
1609 334 1780 374 dispositae
1806 337 1836 366 et

184 397 205 419 a
232 387 382 426 scriptore
407 396 487 418 saec.
505 385 602 418 XIV.
623 389 754 418 exeunte
779 387 874 418 scribi
897 390 1019 428 coeptae
1041 388 1076 419 in
1098 387 1174 427 folio
1196 387 1286 419 2631)
1308 386 1475 418 monachos
1497 387 1671 425 defunctos,
1702 387 1738 418 in
1758 386 1837 425 folio

182 448 253 470 vero
274 437 339 469 264
361 447 519 469 conversos
541 437 705 476 defunctos
726 438 865 477 quadam
884 449 899 469 e
919 439 1095 470 recensione
1110 439 1289 478 antiquiore
1304 449 1389 470 nunc
1397 448 1535 477 prorsus
1549 438 1669 469 amissa
1684 438 1835 479 referunt,

183 499 317 529 quorum
339 488 464 520 tabulae
487 499 585 528 usquc
607 489 652 520 ad
672 499 702 520 α.
720 489 803 520 1450
826 500 847 520 a
868 490 969 521 variis
990 490 1179 530 scriptorum
1202 490 1348 521 manibus
1370 490 1522 521 deductae
1543 492 1628 520 sunt.

287 540 438 572 Recensio
453 541 485 571 A
507 540 628 572 inedita
649 543 710 578 est,·
731 551 807 572 nam
824 540 941 581 folium
962 543 981 572 1
1004 552 1024 572 a
1043 541 1080 573 P.
1099 541 1267 573 Benedicto
1283 540 1455 578 Hammerl,
1478 540 1674 572 bibliothecae
1697 541 1835 572 eiusdem

132 596 135 599 ’
184 591 321 630 custode,
350 592 386 623 in
408 591 510 623 codice
533 593 575 623 72
596 591 830 632 aqqlutinatum
852 602 938 623 nunc
960 592 1130 624 resolutum
1153 595 1211 631 est,
1240 592 1447 624 recensionem
1469 591 1602 623 alteram
1625 591 1659 623 B
1682 592 1837 623 Linckius

184 643 250 674 iam
272 645 380 675 notam
401 646 430 674 et
452 645 620 674 tractatam
644 643 765 681 habuit,
788 644 842 674 cui
864 643 1031 683 mortiloqii
1051 644 1179 684 antiqui
1195 644 1416 675 monachorum
1439 654 1477 674 ac
1493 653 1710 674 conversorum
1724 653 1836 675 nomen

186 694 272 726 dedit
294 704 418 734 quaque
441 694 476 726 in
496 694 566 726 suis
587 694 770 726 Annalibus
796 694 1087 726 Glaravallensibus
1109 696 1235 735 saepius
1256 705 1335 726 usus
1357 698 1411 726 est.

295 745 464 786 Utramque
486 746 694 778 recensionem
716 748 753 777 ut
775 746 928 777 commode
950 747 1088 785 conferri
1103 747 1230 786 possint
1253 747 1376 778 duabus
1398 747 1434 778 in
1455 745 1836 785 columnis'disposuimus

184 799 278 837 atque
293 807 332 828 ex
346 797 381 828 B
396 796 483 828 illam
498 799 622 828 tantum
630 800 766 837 partem,
782 807 864 837 quae
877 798 1084 829 recensionem
1101 798 1132 829 A
1148 800 1281 837 tempore
1296 808 1375 829 saec.
1392 798 1426 829 X
1434 797 1468 829 V.
1484 797 1592 837 explet,
1612 798 1834 830 annexuimus.

191 848 363 888 Utriusque
384 849 573 880 recensionis
594 851 686 880 notas
713 859 734 880 a
750 849 860 888 prima
883 859 982 880 manu
1003 859 1082 880 saec.
1099 849 1195 881 XIV.
1212 850 1385 889 inscriptas
1407 849 1520 880 litteris
1542 849 1716 880 maioribus
1738 848 1837 881 lcitins

187 900 357 940 dispositis,
379 900 415 931 in
437 900 469 932 A
491 910 512 931 a
534 900 667 931 diversis
688 910 768 932 saec.
783 899 879 931 XIV.
897 899 1039 938 librariis
1061 901 1202 932 adiectas
1224 900 1338 932 litteris
1361 900 1534 932 maioribus
1557 900 1655 932 latius
1676 900 1838 940 dispositis

184 951 277 983 uncis
302 951 446 989 inclusis,
473 955 566 983 notas
586 962 657 983 vero
679 952 715 983 in
736 951 770 983 B
791 962 812 983 a
834 952 935 983 variis
955 962 1034 983 saec.
1051 951 1126 983 XV.
1147 952 1352 992 scriptoribus
1374 952 1504 983 additas
1526 951 1640 983 litteris
1662 952 1837 984 maioribus

185 1003 405 1035 exscribendas
426 1004 617 1035 curavimus.

296 1054 406 1086 Virum
434 1055 646 1086 clarissimum
672 1054 713 1086 P.
734 1055 943 1086 Bencdictum
966 1055 1143 1093 Hammerl,
1175 1055 1372 1087 bibliothecae
1400 1066 1438 1087 ac
1467 1055 1621 1087 tabularii
1643 1055 1838 1087 Zwettlensis

185 1106 343 1138 custodem
365 1107 478 1146 optimc
501 1107 656 1144 meritum,
688 1116 836 1146 maynum
859 1106 938 1138 mihi
960 1107 1178 1138 adiumentum
1201 1106 1354 1145 attulisse,
1376 1117 1475 1147 quare
1497 1108 1526 1138 ei
1547 1107 1681 1138 multum
1704 1106 1837 1145 debeam,

186 1158 293 1190 animo
308 1158 461 1198 profiteor
484 1157 592 1189 libenti
609 1157 816 1198 proclivoque.

316 1325 347 1360 1.
384 1315 612 1362 NOTAE
643 1313 1179 1362 NECROLOGICAE
1212 1316 1717 1363 ZWETTLENSES.

443 1450 444 1453 ¹
874 1435 1152 1472 IANUARIUS.

201 1488 225 1515 1.
360 1489 419 1515 kal.
446 1483 505 1526 (A)
528 1483 750 1516 Ruodlibus.

850 1581 1097 1618 FEBRUARI
1102 1581 1169 1618 US.

200 1663 227 1691 2.
298 1663 344 1690 IV.
357 1671 420 1690 non.
444 1660 501 1702 (B)
525 1659 586 1691 Ob.
604 1660 634 1692 d.
651 1660 832 1692 Bohuslaus
855 1660 1018 1702 quondam
1042 1660 1115 1692 abb.
1131 1660 1362 1702 Zwetlensis.¹)

186 1715 229 1743 20.
314 1717 346 1744 X.
357 1717 415 1743 kal.
445 1711 501 1754 (Β)
523 1715 575 1743 Ob.
588 1715 614 1743 d.
628 1715 823 1750 Wolffgangus
841 1716 982 1750 quondam
1000 1716 1064 1742 abb.
1081 1715 1245 1743 Zwetlensis
1263 1724 1288 1742 a.
1302 1715 1327 1742 d.
1343 1715 1417 1742 1508.
1455 1714 1575 1742 Wienne
1593 1715 1636 1742 ob.
1655 1720 1688 1741 na
1705 1715 1734 1741 in
1753 1714 1838 1747 curia,

550 1759 582 1785 12
599 1758 712 1785 circiter
736 1767 824 1786 aunon
847 1759 920 1786 rexit
942 1759 1005 1793 pius
1030 1768 1067 1793 p.‚
1093 1759 1142 1792 qui
1168 1759 1258 1786 multa
1283 1759 1357 1785 bona
1382 1758 1450 1786 fecit
1475 1758 1542 1785 huic
1565 1758 1660 1790 monio,
1686 1766 1838 1792 cognomen

547 1801 639 1829 dietus
658 1802 745 1829 Oertl.

185 1849 227 1876 28.
312 1849 348 1876 11.
360 1849 416 1875 kal.
444 1845 500 1887 (Β)
525 1845 585 1877 Ob.
602 1845 632 1876 d.
649 1845 736 1877 Ebro
760 1845 922 1887 quondam
947 1845 1020 1877 abb.
1037 1845 1268 1886 Zwetlensis.²)

897 1967 1126 2003 MARTIUS.

185 2050 227 2078 25.
273 2049 347 2076 VIII.
360 2049 418 2077 kal.
444 2045 501 2088 (B)
525 2045 599 2088 [Ob.
618 2045 647 2078 d.
665 2045 826 2078 Iohannes
849 2046 1040 2089 quonda(m)
1064 2046 1138 2078 abb.
1155 2045 1427 2089 Zw(e)tlensis.³)]

914 2168 1115 2206 APRILIS.

200 2251 226 2280 9.
309 2253 343 2280 v.
356 2252 395 2279 id.
415 2229 418 2232 ⁴
445 2247 502 2289 (B)
526 2247 791 2279 ob.‹1.Ditrieus
814 2247 976 2289 quondam
999 2246 1072 2279 abb.
1089 2247 1320 2288 2wetlensis.⁴)

935 2370 1095 2406 MAIUS.

185 2452 229 2480 30.
297 2452 347 2480 111.
360 2452 417 2479 kal.
444 2448 501 2491 (B)
525 2447 598 2491 [ob.
614 2448 644 2480 d.
661 2448 832 2481 Heinricus
855 2449 1017 2490 quondam
1040 2448 1113 2481 abb.
1131 2446 1375 2490 Zwetlensis.⁵)]

925 2571 1098 2608 IUNIUS.

189 2654 231 2683 17.
290 2654 350 2681 XV.
363 2653 419 2680 kal.
448 2649 503 2691 (B)
528 2648 589 2680 Ob.
605 2649 636 2681 d.
652 2648 793 2681 Michael
816 2649 889 2681 abb.
907 2649 1154 2691 szetlensis.⁶)

295 2770 316 2803 ¹)
334 2772 397 2796 1258
418 2769 526 2803 κείρω,
552 2769 591 2796 ob.
610 2772 685 2796 1259.
799 2770 820 2802 ²)
839 2772 911 2796 1304.
1026 2770 1047 2802 ⁸)
1067 2768 1132 2802 IV„
1158 2768 1195 2795 ob.
1208 2777 1233 2795 a.
1247 2772 1318 2794 1474.
1433 2768 1454 2801 ⁴)
1474 2770 1547 2800 1335,
1572 2766 1629 2793 dies
1651 2774 1706 2794 mn
1727 2769 1837 2794 constat.

191 2813 213 2846 ⁶)
233 2811 282 2845 II.‚
300 2819 322 2838 c.
336 2815 404 2839 1403
421 2812 525 2845 resima,
543 2812 581 2838 ob.
596 2820 671 2838 anno
688 2814 711 2838 et
728 2811 771 2838 die
787 2812 903 2839 incertis.
1009 2813 1030 2845 ⁸)
1050 2814 1118 2838 1389
1136 2810 1270 2844 depositus
1288 2810 1325 2837 ob.
1339 2819 1365 2837 a.
1377 2810 1489 2837 incerto.

294 2862 379 2890 Nncn.
393 2862 497 2890 PnAv.
1599 2861 1632 2887 72
