2150 3178
339 196 402 228 280
506 193 677 221 ANNALES
696 193 852 222 NECROL.
865 193 1046 221 FRATRUM
1063 193 1242 222 MINORUM
1258 194 1309 222 AD
1327 195 1354 222 S.
1367 194 1623 223 HIERQNYMUM
1639 193 1843 223 VINDOBON.

339 281 375 308 de
393 279 541 308 Tachonia
560 280 633 312 cler„
652 280 785 308 exultans
803 279 939 315 migravit
957 289 975 308 a
992 280 1113 313 saeculo,
1132 281 1164 308 fr,
1178 280 1328 316 Gregorius
1347 281 1382 309 de
1394 281 1550 318 Neuburga
1567 281 1641 315 cler„
1658 281 1693 309 fr.
1705 280 1845 310 Matthias
1862 281 1897 310 de
1909 281 2005 317 Ctzips

339 324 358 352 1.
372 325 475 356 sartor,
494 324 527 350 fr.
541 323 728 358 Christophus
746 323 780 350 de
800 323 914 351 Austris
932 323 950 351 1.
963 325 1061 356 sartor,
1084 324 1117 351 fr.
1130 324 1259 351 Urbanus
1278 324 1312 351 de
1329 324 1457 352 Schlesia
1474 324 1494 352 1.
1506 326 1604 357 sartor,
1623 325 1656 352 fr.
1670 324 1781 352 Blasius
1798 324 1833 352 de
1851 325 2006 360 Ingelstatt

340 367 511 403 predicator.
546 366 672 394 Summa:
692 367 734 394 14.

445 411 477 437 In
499 410 561 438 loco
580 409 819 446 Egnburgensi‘):
843 410 876 440 fr.
890 410 945 437 Leo
964 409 999 437 de
1018 409 1146 445 Voburg,
1172 418 1228 438 sac.
1246 410 1376 442 devotus,
1399 409 1491 438 socius
1509 411 1607 445 gratus
1624 410 1683 438 rev¹
1700 410 1742 445 p¹¹
1760 409 1948 445 cristophori,
1973 410 2003 438 in

339 454 402 482 loco
420 453 641 488 Egenburgensi,
665 453 698 480 fr.
711 453 850 482 Antonius
868 462 933 487 sac„
957 453 991 481 fr.
1004 453 1165 488 Stephanus
1183 453 1217 480 de
1235 453 1391 488 Ingelstatt
1408 452 1436 487 1.,
1454 453 1487 481 fr.
1500 453 1605 480 Paulus
1623 453 1658 481 de
1675 453 1799 488 Iaeypctz
1816 462 1882 486 sac..
1900 453 1934 481 fr.
1947 453 2006 482 Sto·
2033 461 2046 482 s

340 496 451 532 phanus
469 505 534 528 sac..
552 496 585 524 fr.
598 496 720 524 Michael
739 497 774 524 de
793 497 813 523 F
815 496 958 529 reinstatt,
976 496 995 524 1.
1007 495 1146 531 gloriosus
1164 497 1194 523 et
1212 495 1318 524 ibidem
1336 497 1508 531 procurator.
1529 496 1562 524 fr.
1575 496 1781 524 Alexandrinus
1799 495 1835 524 de
1847 496 1968 532 Cepusio
1986 497 2005 524 l.

340 542 443 573 sartor,
466 540 499 567 fr.
511 539 695 568 Sebastianus
718 540 752 568 de
771 540 934 574 Iudnburga
951 539 984 572 1.,
1008 539 1041 566 fr.
1054 539 1209 567 Gratianus
1230 539 1265 567 de
1282 539 1408 567 Schlesia
1432 548 1500 573 sac..
1524 539 1558 568 fr.
1570 539 1729 568 Ber-nardus
1747 539 1781 567 de
1800 539 2006 575 Ckuetzlpuchl

341 583 406 610 cler.
418 591 492 615 nov„
511 583 544 611 fr.
559 583 702 611 Protasius
720 584 755 611 de
773 582 890 611 Austria
908 583 974 610 cler.
1010 583 1136 610 Summa:
1156 584 1197 610 11.

444 626 477 654 In
489 626 551 654 loco
564 627 770 662 Puppingensi:
789 627 822 655 fr.
835 626 985 654 Udalricus
1003 627 1038 654 de
1050 626 1223 655 Mitterdorff
1237 627 1256 654 l.
1268 628 1367 659 sartor,
1385 626 1418 654 fr.
1431 626 1598 654 Laurentius
1615 627 1651 655 de
1660 626 1878 662 Velcklapruck,
1897 626 1915 654 1.
1927 626 2006 655 labo-

340 670 430 698 riosus
447 672 478 698 et
497 670 586 698 bonus
603 670 780 703 hortulanus,
799 670 848 698 isti
866 670 921 697 duo
939 670 968 697 in
986 671 1049 698 loco
1068 670 1270 706 Puppingensi.
2024 678 2051 699 ιο

445 748 508 775 Ετθ·
527 757 552 776 a.
567 748 592 776 d.
608 749 676 776 1479
694 747 821 776 defuncti
839 750 918 775 sunt:
937 748 969 775 fr.
982 748 1180 776 Bonaventura
1197 747 1375 780 de'Bavaria,
1394 747 1555 783 predicator
1572 747 1803 781 ferventissimus,
1822 749 1882 775 tam
1899 747 2006 784 populo

341 800 427 826 quam
446 792 520 819 clero
538 793 680 827 acceptus,
699 792 729 819 in
747 792 938 826 guardianatu
956 792 1000 819 ob.
1012 790 1146 824 Viennae,
1164 791 1220 819 fuit
1237 791 1291 819 vic.
1303 791 1470 827 provinciae
1481 791 1589 827 primus
1601 793 1667 827 post
1678 790 1844 819 divisionem
1857 800 1882 819 a.
1893 791 1918 819 d.
1929 791 2007 820 146⁷.

341 834 386 862 Fr.
399 835 518 862 Ioannes
536 835 570 862 de
590 834 731 862 Carnonia
748 843 812 868 sac„
839 835 872 862 fr.
886 835 1005 862 Ioannes
1023 835 1056 863 de
1075 835 1190 870 Septem
1209 835 1316 863 Castris
1334 835 1361 868 l..
1383 835 1416 863 fr.
1426 834 1594 863 Vincentius
1612 835 1639 868 1.,
1661 835 1695 862 fr.
1707 834 1818 863 Marcus
1836 834 1871 862 de
1889 834 2006 868 Peru-sa,

340 877 374 905 fr.
389 878 547 906 Alexander
565 878 599 906 ds
619 878 725 913 Styria,
749 879 783 905 fr.
797 877 946 905 Udalricus
962 878 996 911 1.,
1020 878 1052 905 fr.
1066 877 1283 914 christophorus
1301 878 1379 911 cler..
1403 878 1436 906 fr.
1449 878 1568 906 Iacobus
1586 878 1614 913 1.,
1637 878 1670 906 fr.
1682 878 1789 906 Paulus
1806 878 1841 906 de
1857 877 1962 906 Suevia
1978 878 2006 911 1.,

341 921 374 948 fr.
388 921 574 956 Hieronymus
599 922 633 949 de
652 921 819 954 Franconia,
846 922 879 949 fr.
899 921 1066 950 Laurentius
1088 930 1157 955 sac..
1183 922 1217 949 fr.
1230 921 1313 949 Vitus
1335 921 1370 948 ds
1389 921 1583 949 Landtshusta
1601 929 1668 954 sac„
1696 921 1729 948 fr.
1743 921 1881 949 Antonius
1898 921 1917 948 L
1933 929 2007 955 nov„
2026 929 2051 950 u

342 965 375 992 fr.
388 964 585 1000 Wolffgangus
603 965 631 999 1.,
653 965 686 992 fr.
699 965 885 999 Hieronymus
902 973 967 997 sac„
989 965 1022 992 fr.
1035 965 1146 992 Blasius
1163 973 1220 993 sac.
1239 967 1269 993 et
1286 964 1455 1001 predicator,
1474 965 1507 992 fr.
1522 964 1658 1001 Rogerius
1676 965 1704 998 l..
1722 965 1755 993 fr.
1768 965 1954 994 Thimotheus
1972 965 2008 994 de

342 1007 428 1042 Lipto
447 1028 453 1035 .
473 1028 479 1034 .
499 1014 521 1034 ,¹
529 1008 554 1041 ⁸)
571 1016 635 1040 sac„
653 1008 686 1036 fr.
701 1007 888 1036 Bernardinus
904 1016 960 1036 sac.
973 1007 1003 1035 in
1015 1007 1126 1041 Graetz,
1144 1008 1176 1036 fr.
1189 1008 1329 1036 Antonius
1348 1008 1382 1036 de
1395 1009 1508 1037 Brunna
1519 1008 1547 1042 1.,
1565 1010 1599 1037 fr.
1610 1009 1736 1037 Andreas
1748 1009 1784 1038 de
1796 1009 1882 1046 Lipto
1900 1029 1907 1038 .
1926 1030 1932 1038 .
1951 1011 2009 1045 θ’..)

343 1050 468 1078 Summa:
487 1051 530 1078 22.

449 1094 482 1120 A.
495 1094 522 1122 d.
537 1094 618 1122 1480:
637 1094 670 1121 fr.
683 1094 795 1122 Marcus
807 1094 860 1122 vic.
874 1093 1022 1130 generalis,
1041 1094 1075 1122 fr.
1088 1093 1210 1122 Thomas
1222 1094 1249 1127 1.,
1267 1094 1299 1122 fr.
1314 1093 1449 1123 Heni-icus
1461 1103 1527 1127 sac„
1544 1095 1577 1123 fr.
1587 1094 1775 1123 Theowaldus
1786 1095 1804 1122 l.
1817 1103 1889 1128 nov..
1906 1095 1940 1124 fr.
1953 1095 2009 1125 Leo

343 1137 378 1165 de
397 1137 551 1172 Straubing
569 1146 637 1170 sac„
662 1138 696 1165 fr.
709 1137 859 1172 Dionysius
876 1146 932 1166 sac.
946 1136 1137 1173 praedicator,
1163 1137 1196 1165 fr.
1208 1137 1413 1166 Alexandrinus
1431 1138 1463 1172 1.,
1489 1138 1522 1166 fr.
1535 1137 1673 1166 Matthias
1691 1137 1726 1166 de
1744 1137 1862 1167 Sabaria
1879 1147 1949 1172 sae„
1973 1139 2008 1168 fr.
2026 1144 2053 1166 ὀ

344 1180 481 1216 Georgius
499 1181 564 1209 cler.
578 1181 709 1214 Viennae,
728 1181 761 1209 fr.
771 1181 856 1208 Vitus
873 1189 929 1208 sac.
964 1181 1090 1208 Summa:
1108 1181 1149 1208 10.

448 1225 480 1251 Δ.
493 1224 520 1252 d.
534 1224 614 1252 1481:
640 1226 672 1252 fr.
685 1224 867 1252 Sebastianus
886 1224 920 1252 de
940 1224 1084 1260 Iudnburg
1102 1224 1129 1257 1.,
1154 1225 1187 1252 fr.
1201 1224 1317 1252 loannes
1336 1225 1354 1253 1.
1374 1224 1403 1252 in
1420 1225 1609 1258 Entzerstorff,
1632 1225 1665 1253 fr.
1679 1225 1786 1261 Caspar
1803 1225 1838 1254 de
1856 1226 2008 1255 Achstettn

343 1262 408 1300 sac„
427 1267 460 1295 fr.
474 1267 625 1295 Wilelmus
643 1268 662 1295 l.
680 1268 712 1295 8⁶
730 1267 918 1303 Radegundis.
953 1267 1079 1295 Summa:
1097 1268 1123 1295 4.

449 1311 614 1339 A.d.1482:
640 1311 672 1339 fr.
687 1312 804 1339 Ioannes
826 1311 860 1338 de
884 1310 1041 1339 Kremnitis.
1059 1311 1090 1343 1.,
1115 1312 1206 1339 sartor
1224 1310 1324 1340 Vienn.
1341 1311 1471 1344 devotus,
1497 1311 1529 1339 fr.
1547 1311 1721 1346 Augustinus
1744 1312 1779 1340 de
1802 1312 1920 1341 Krembs
1943 1322 2008 1348 sac„

345 1354 492 1389 proficiens
510 1354 672 1390 predicator
691 1355 719 1382 in
738 1354 929 1387 Entzerstorff,
947 1354 979 1382 fr.
994 1353 1122 1390 Ignatius
1141 1354 1175 1382 de
1194 1354 1379 1390 Nuernberga
1396 1363 1452 1383 sac.
1471 1354 1500 1382 iu
1518 1354 1660 1388 Paradiso,
1678 1355 1711 1383 fr.
1725 1354 1853 1384 Clemens
1870 1355 1906 1385 de
1923 1356 2008 1385 Fran-
2025 1361 2052 1383 κ

345 1398 434 1430 conia,
453 1398 542 1425 bonus
561 1399 666 1430 cantor,
685 1407 741 1426 sac.
753 1398 887 1430 Viennae,
906 1398 939 1426 fr,
952 1397 1126 1426 Fortunatus
1142 1398 1208 1426 cler.
1221 1397 1251 1426 in
1268 1397 1411 1432 Patauino,
1428 1398 1461 1426 fr.
1473 1398 1589 1426 Gabriel
1607 1399 1642 1426 de
1659 1398 1791 1427 Pfortzen
1808 1407 1864 1427 sao.
1877 1399 1908 1427 in
1919 1399 2008 1434 Lews,

345 1442 377 1468 fr.
390 1441 587 1477 Sigismuudus
610 1442 644 1469 de
663 1441 790 1476 Ungaria
813 1450 882 1474 sac„
906 1442 938 1468 fr.
954 1441 1092 1469 Antonius
1110 1441 1145 1469 de
1165 1441 1335 1470 Kreitznach
1353 1450 1422 1474 sac„
1448 1441 1558 1470 iuvenis
1575 1442 1754 1477 praedicator
1771 1442 1801 1470 in
1819 1442 2008 1477 Entzerstorff,

345 1485 377 1512 fr.
390 1484 551 1519 Stephanus
570 1485 604 1511 de
623 1485 744 1512 Puta-via
762 1485 795 1517 1.,
820 1485 852 1512 fr.
867 1485 1031 1512 Franciscus
1049 1485 1083 1512 de
1102 1484 1172 1512 Ried
1191 1485 1257 1513 cler.
1269 1484 1450 1521 Egenburge,
1475 1486 1508 1513 fr.
1523 1485 1678 1514 Richardus
1697 1486 1732 1514 de
1748 1485 1782 1514 8⁰
1800 1485 1926 1522 Ypolito,
1953 1495 2009 1515 sac.

346 1529 471 1561 devotus,
490 1529 523 1555 fr.
537 1529 736 1556 Bonaventura
755 1529 820 1556 cler.
839 1529 873 1556 de
892 1528 1006 1560 Brixna,
1025 1529 1057 1556 fr.
1070 1528 1186 1556 Gabriel
1205 1528 1239 1556 de
1255 1528 1374 1557 Monaco
1393 1529 1458 1557 cler.
1469 1529 1642 1565 Noviburge,
1660 1530 1693 1557 fr.
1707 1529 1818 1557 Blasius
1835 1530 1870 1558 de
1882 1529 2009 1558 Schleda

343 1581 399 1600 sac.
412 1572 589 1607 Noviburge,
613 1572 645 1599 fr.
659 1572 818 1600 Bernardus
836 1572 870 1600 de
890 1572 1025 1600 Czwettel
1044 1581 1100 1600 sac.
1114 1572 1200 1604 Laws.
1226 1572 1258 1600 fr.
1273 1573 1391 1601 loannes
1409 1572 1444 1601 de
1462 1572 1620 1600 Ratisbona
1637 1581 1693 1601 sac.
1706 1573 1793 1607 Leve,
1815 1573 1849 1602 fr.
1862 1573 2009 1603 Oswaldus
2026 1578 2053 1600 no

346 1616 380 1644 de
398 1616 569 1643 Schlavonia
587 1625 642 1643 sac.
656 1616 743 1647 Lews,
762 1617 795 1644 fr.
808 1616 914 1643 Paulus
932 1616 966 1644 de
986 1615 1045 1643 Ybs
1062 1624 1127 1648 sac..
1147 1616 1180 1643 fr.
1194 1616 1344 1652 Philippus
1362 1616 1380 1643 l.
1393 1624 1458 1644 nov.
1493 1616 1618 1644 Summa:
1639 1617 1679 1644 19.

451 1661 481 1686 Α.
495 1659 520 1686 d.
535 1660 615 1686 1483:
635 1660 667 1686 fr.
677 1659 796 1687 Iacobus
809 1659 843 1687 de
856 1659 986 1691 Bavsria,
1005 1668 1061 1687 sac.
1074 1659 1199 1692 devotus,
1218 1659 1251 1687 fr.
1261 1659 1375 1693 Vitalis,
1387 1659 1509 1695 scriptor
1522 1659 1719 1695 Pupingensis,
1737 1661 1771 1688 fr.
1781 1660 1969 1689 Theowaldus
1981 1661 2009 1695 1.,

346 1711 408 1730 nov.
418 1703 531 1735 Vienn.‚
559 1703 591 1729 fr.
609 1703 733 1730 Michael
756 1703 790 1730 de
816 1703 931 1738 Septem
954 1703 1072 1735 Castris,
1098 1703 1277 1738 praedicator
1298 1703 1409 1736 doctus,
1435 1703 1485 1738 qui
1502 1703 1621 1731 mortem
1642 1711 1722 1731 suam
1744 1703 1880 1739 predixit,
1904 1705 2009 1734 lanco-

345 1746 487 1773 witzensis
494 1748 528 1779 ²),
548 1747 579 1773 fr.
594 1747 704 1774 Marcus
722 1746 757 1773 de
777 1746 901 1781 Basilea,
927 1746 1016 1774 lector
1034 1746 1143 1781 peritus
1162 1755 1195 1773 ex
1213 1748 1352 1774 conventu
1371 1746 1408 1773 ad
1425 1754 1523 1780 preces
1545 1754 1675 1782 caess-ree
1695 1746 1854 1775 maiestatis
1870 1749 2010 1784 receptus,

346 1798 401 1817 sac.
417 1789 588 1822 Gratzensis,
614 1790 645 1816 fr.
660 1789 783 1817 Thomas
806 1789 841 1817 de
860 1789 1013 1821 Peretnitz,
1036 1791 1130 1817 rectus
1152 1789 1181 1816 in
1205 1789 1252 1817 via
1274 1791 1304 1817 et
1325 1789 1467 1818 sufficiens
1489 1789 1651 1825 predicator
1669 1789 1790 1826 Vienne,
1814 1790 1847 1818 fr.
1861 1791 2010 1820 Federicus
2027 1797 2053 1818 u

346 1835 381 1862 de
397 1834 499 1862 Graetz
518 1834 582 1862 cler.
595 1843 657 1861 nov.
671 1833 702 1860 in
714 1833 825 1863 Graetz.
843 1834 876 1860 fr.
886 1833 1023 1869 Virgilius
1042 1834 1075 1861 de
1089 1833 1171 1860 Nova
1184 1832 1318 1864 civitate,
1336 1832 1411 1860 filius
1429 1833 1503 1868 mags
1516 1833 1632 1861 Amoldi
1653 1833 1796 1867 causidici,
1815 1843 1871 1863 sac.
1884 1834 2008 1870 Puppin-

346 1878 479 1914 gensis2),
503 1878 536 1905 fr.
550 1878 667 1905 Ioannes
686 1878 720 1904 de
739 1877 887 1912 Herbipoli
905 1885 968 1909 sac..
987 1876 1167 1912 praedicator
1185 1876 1294 1904 fervens
1312 1877 1342 1903 et
1360 1876 1449 1904 bonus
1467 1884 1502 1903 ex
1520 1877 1660 1903 conventu
1678 1876 1836 1910 Graecensi,
1854 1878 1888 1904 fr.
1900 1877 1957 1906 Leo
1975 1878 2010 1906 de

346 1921 514 1951 Drosudorff.
532 1930 589 1948 sac.
601 1921 764 1949 stimulatus
776 1920 808 1948 S⁰
821 1919 1010 1955 Radegundis,
1028 1919 1062 1947 fr.
1072 1919 1206 1948 Latzarus
1219 1919 1253 1947 de
1267 1919 1406 1947 Parrewtt
1418 1927 1482 1951 sac,
1495 1915 1589 1946 bonus
1600 1918 1779 1954 rubricarius,
1792 1920 2009 1956 Puppingsnsis,

346 1965 378 1992 fr.
392 1965 535 1992 Conradus
553 1965 588 1992 de
607 1964 761 1999 Ingelstatt
779 1964 843 1991 cler.
856 1963 1052 1999 Pupingensis‚
1078 1963 1111 1991 fr.
1124 1963 1252 1998 Egydius
1269 1963 1304 1991 de
1322 1962 1432 1990 Vienna
1450 1962 1478 1995 1.,
1502 1963 1592 1990 sartor
1610 1962 1805 1998 Pupingensis,
1831 1963 1864 1991 fr.
1878 1963 2010 1992 Albertus

347 2009 381 2035 de
399 2008 568 2042 Frauconia,
592 2016 648 2035 sac.
665 2008 764 2035 doctus
783 2009 813 2035 et
830 2016 903 2042 mag.
920 2007 1025 2034 artium
1043 2006 1073 2034 in
1090 2006 1250 2041 Noviburg,
1275 2006 1308 2033 fr.
1321 2006 1445 2042 Angelus
1462 2006 1497 2034 de
1516 2006 1660 2042 Everding
1677 2007 1742 2035 cler.
1761 2006 1792 2034 in
1810 2007 1952 2044 Pupping,
1976 2008 2010 2035 tr.
2027 2013 2056 2034 4ο

347 2052 480 2087 Hylarius
502 2052 536 2079 de
556 2051 779 2086 Kuerchschlsg,
804 2050 921 2086 reginae
941 2050 996 2089 celi
1018 2051 1137 2078 devotus
1158 2058 1243 2086 preco
1266 2051 1296 2077 et
1314 2049 1511 2082 cancellarius,
1535 2049 1698 2086 predicator
1720 2051 1818 2078 valens
1839 2053 1869 2079 et
1887 2051 2012 2087 optimus

346 2095 548 2130 seripturarum
568 2094 713 2129 interpres,
732 2094 761 2121 in
775 2094 907 2130 Pupping
920 2094 1001 2121 iuxta
1015 2093 1159 2128 pulpitum
1177 2092 1207 2119 in
1226 2093 1311 2120 choro
1329 2095 1373 2120 est
1390 2093 1527 2128 sepultus,
1544 2094 1576 2121 fr.
1589 2093 1685 2121 Simon
1702 2093 1736 2120 de
1749 2093 1872 2122 Bavaria
1889 2094 1908 2122 1.
1921 2095 2012 2122 sartor

347 2139 377 2166 in
396 2138 517 2174 Puping.
553 2138 678 2165 Summa:
699 2139 740 2165 17.

451 2182 484 2209 Α.
497 2181 523 2208 d.
539 2182 618 2209 1484:
637 2182 669 2208 fr.
683 2181 833 2208 Gervasius
851 2181 886 2208 de
898 2181 1021 2208 Bavaria
1033 2190 1098 2213 sac„
1117 2181 1206 2208 bonus
1224 2180 1331 2216 ligator
1343 2180 1486 2213 librorum,
1498 2179 1633 2213 Viennae,
1651 2181 1684 2207 fr.
1696 2179 1876 2216 Greg(orius),
1895 2189 2010 2216 carpen-

347 2225 436 2253 tarius
454 2225 489 2252 de
506 2224 597 2252 Slesia
615 2225 643 2257 1.‚
667 2225 695 2251 in
714 2225 862 2257 Paradiso,
885 2225 918 2252 fr.
935 2224 1102 2252 Valentinus
1125 2224 1159 2252 de
1178 2223 1299 2251 Bavaria
1317 2223 1349 2254 l..
1373 2225 1464 2251 sartor
1481 2232 1565 2251 senex
1587 2225 1616 2251 et
1634 2224 1802 2258 quandoque
1826 2223 1856 2250 in
1875 2223 2012 2252 societate
2029 2230 2055 2251 4⁵

348 2270 374 2296 b.
385 2268 498 2296 Ioannis
511 2268 681 2303 Capistrani,
695 2268 828 2300 Viennae,
841 2268 874 2295 fr.
887 2268 971 2295 Vitus
983 2268 1018 2296 de
1030 2268 1160 2295 Gaeblitz
1172 2268 1200 2300 1.,
1218 2267 1287 2295 olim
1303 2267 1395 2294 socius
1408 2268 1437 2294 et
1450 2275 1554 2301 coquus
1567 2267 1593 2294 b.
1606 2267 1652 2294 fr²⁸
1664 2267 1776 2294 Ioannis
1789 2267 1823 2294 de
1836 2267 2012 2302 Capistrano,

347 2311 484 2344 Viennae,
503 2312 536 2338 fr.
550 2311 714 2338 Franciscus
727 2311 761 2338 de
775 2312 886 2338 Brunna
899 2320 954 2338 sac.
965 2311 1082 2346 Vienne,
1101 2311 1134 2338 fr.
1146 2311 1290 2347 Agapitus
1302 2310 1336 2338 de
1346 2309 1456 2338 Vienna
1468 2318 1524 2337 sac.
1535 2309 1568 2337 8ο
1580 2309 1769 2346 Radegundis,
1782 2310 1814 2337 fr.
1825 2309 2012 2338 Colomaunus

347 2356 366 2383 l.
380 2355 497 2390 Vienne,
517 2355 549 2381 fr.
563 2354 753 2382 Theodoricus
771 2355 806 2381 de
823 2354 963 2389 Sueffring
980 2363 1036 2381 sac.
1056 2354 1085 2381 in
1103 2354 1246 2382 Paradiso.
1283 2353 1407 2381 Summa:
1426 2353 1451 2380 8.

453 2398 485 2425 A.
499 2398 525 2424 d.
539 2398 618 2424 1485:
642 2398 674 2424 fr.
689 2398 806 2425 Ioannes
831 2398 865 2424 de
884 2398 1020 2432 Inglstatt
1043 2406 1112 2430 sac,
1137 2397 1286 2432 expeditus
1311 2397 1433 2431 scriptor
1457 2398 1487 2424 et
1504 2396 1658 2428 laborator,
1683 2403 1750 2431 sepe
1772 2395 1957 2431 guardianus,
1982 2396 2012 2424 in

349 2441 490 2476 Pupping,
509 2441 542 2468 fr.
555 2441 704 2468 Udalricus
723 2441 758 2468 de
770 2441 912 2476 Amberga
930 2449 985 2467 sac.
998 2441 1027 2467 in
1041 2441 1182 2476 Pupping,
1200 2441 1232 2468 fr.
1246 2439 1426 2467 Innocentius
1445 2439 1479 2467 de
1492 2440 1606 2473 Septem
1624 2438 1731 2467 Castris
1749 2439 1813 2467 cler.
1827 2438 1857 2466 in
1869 2439 2012 2475 Pupping,
2030 2445 2057 2466 ω

348 2485 381 2513 fr.
395 2485 463 2512 Otto
482 2485 517 2511 de
535 2484 617 2511 Nova
636 2483 761 2511 civitate
779 2484 811 2516 1.,
836 2485 926 2511 sartor
944 2484 1079 2516 Viennae,
1103 2484 1137 2511 fr.
1150 2484 1298 2518 Iuniperus
1320 2483 1354 2511 de
1372 2483 1472 2517 Mysua
1489 2483 1508 2510 1.
1521 2482 1640 2518 vienne,
1663 2483 1697 2510 fr.
1710 2482 1835 2510 Andreas
1853 2481 1966 2510 Stoeckl
1984 2483 2013 2516 1.,

349 2529 381 2556 fr.
395 2528 518 2555 Michael
537 2528 571 2555 de
589 2527 684 2561 Styria
702 2527 734 2559 1.,
760 2527 926 2554 hortulanus
945 2527 1066 2562 Vienne,
1090 2527 1122 2554 fr.
1135 2527 1301 2554 Anastasius
1323 2527 1358 2554 de
1377 2527 1471 2554 Anaso
1489 2526 1518 2559 1.,
1541 2526 1621 2554 utilis
1638 2525 1775 2561 precipue
1792 2525 1908 2559 ligando
1925 2526 2013 2554 libros

350 2571 513 2606 provinciae
531 2571 563 2598 S«³
583 2570 771 2606 RadegundiS,
791 2571 822 2597 fr.
837 2571 1036 2598 Bonaventura
1055 2571 1089 2597 de
1108 2571 1210 2597 Graetz
1229 2570 1293 2597 cler.
1312 2569 1340 2596 in
1359 2569 1502 2597 Paradiso.
1537 2569 1664 2596 Summa:
1683 2570 1708 2596 9.

456 2685 480 2718 a)
501 2685 563 2711 Cod-

458 2755 478 2787 1)
499 2753 656 2780 claustrum
673 2753 898 2788 Eyqenbqumse
914 2761 935 2780 s.
948 2753 1059 2779 Mariae
1076 2752 1107 2779 de
1120 2751 1288 2779 Gandelanis
1305 2751 1458 2779 dedicatum
1475 2754 1543 2779 erat.
1631 2751 1654 2786 ²)
1671 2750 1710 2778 In
1723 2750 1852 2778 Coenobio
1868 2758 1889 2778 s.
1905 2749 2014 2777 Mariae
2030 2756 2056 2777 55

352 2798 384 2824 de
404 2797 509 2824 Gratiis
528 2797 684 2824 Lamouizii
704 2797 736 2823 in
758 2797 850 2832 διψία
872 2796 1001 2823 dedicato.
1108 2797 1130 2829 ⁸)
1151 2795 1312 2823 Coenobium
1329 2795 1522 2829 Puppimense
1543 2794 1576 2821 in
1593 2794 1707 2821 Ausim'a
1726 2793 1868 2828 Super-ime
1885 2793 2013 2826 &Wolf-

349 2848 442 2875 fflmyo
459 2839 608 2867 dedicatum
626 2843 690 2868 erat.
1455 2854 1460 2858 -
