2150 3178
856 793 1496 856 NECROLOGIUM

577 888 1020 949 CANONIAE
1061 890 1158 950 IN
1197 891 1783 953 DUERNSTEIN.

455 1031 633 1077 Canoniae
660 1044 696 1076 in
717 1043 911 1083 Dilmstein,
941 1045 1036 1077 cuius
1059 1044 1284 1085 fundationem
1305 1043 1420 1077 nobilis
1441 1045 1570 1078 domina
1591 1045 1760 1079 Elisabeth
1781 1046 1968 1080 Eberhardi
1989 1058 2011 1081 a

354 1094 489 1128 Wallsee
511 1106 594 1129 uxor
616 1096 736 1135 relicta,
759 1095 908 1129 Leutoldi
929 1096 977 1129 ΙΙ.
993 1107 1015 1129 a
1033 1096 1200 1137 Obunrinq
1220 1096 1301 1136 filia,
1323 1106 1405 1129 saec.
1424 1097 1476 1129 14.
1491 1100 1623 1130 exeunte
1643 1098 1752 1130 animo
1773 1098 1840 1131 iam
1863 1099 2010 1139 intendit,

348 1146 465 1180 nobi-lis
480 1147 628 1180 dominus
646 1147 717 1181 Otto
738 1158 760 1180 a
774 1148 937 1187 Maissau,
961 1159 1048 1181 unus
1069 1148 1107 1181 de
1122 1148 1244 1190 primis
1258 1149 1413 1181 Austriae
1427 1148 1700 1190 ministerialibus,
1722 1150 1852 1192 eiusque
1875 1151 2010 1192 capella-

348 1210 412 1232 nus
434 1199 616 1240 Stephanus
644 1200 682 1232 de
708 1199 853 1232 Haslach
880 1210 910 1232 a.
929 1200 1014 1232 1410
1044 1201 1207 1233 canonicis
1234 1211 1261 1233 s.
1277 1200 1455 1242 Auyustimi
1475 1201 1619 1242 regulam
1640 1202 1797 1244 professis
1818 1203 2011 1237 introductis

341 1252 555 1293 perfecerunt,
567 1262 648 1284 saec.
662 1253 715 1284 18.
726 1254 859 1284 exeunte
869 1251 1014 1284 sublatae
1024 1252 1245 1294 necroloyium,
1257 1252 1341 1294 quod
1351 1253 1401 1285 vir
1412 1253 1612 1286 clarissimus
1623 1256 1718 1295 atque
1729 1255 1878 1287 memoria
1893 1255 2011 1298 diqnus

346 1303 556 1336 Raimundus
571 1302 720 1335 Duellius
735 1303 868 1344 primus
886 1302 1026 1345 vulqavit
1041 1303 1335 1345 (Miscellaneorum
1356 1303 1433 1337 liber
1449 1305 1478 1344 I,
1496 1315 1531 1345 p.
1545 1306 1607 1337 164
1614 1306 1705 1348 sqq),
1727 1316 1888 1348 nusquam
1903 1307 2011 1341 adhuc

346 1355 482 1395 reperiri
497 1357 628 1394 constat,
651 1365 751 1396 quare
773 1357 832 1387 aut
848 1365 986 1396 prorsus
1005 1355 1162 1396 deperisse
1180 1358 1241 1388 aut
1259 1356 1387 1389 omnino
1409 1355 1507 1389 latere
1521 1357 1632 1389 merito
1646 1367 1751 1391 censeo
1773 1360 1868 1399 atque
1887 1357 2011 1392 Duellii

346 1407 513 1439 editionem
535 1407 586 1439 liic
608 1409 734 1439 secutus
754 1417 835 1439 sum.
885 1405 935 1447 Cf.
955 1406 1062 1440 Neues
1083 1407 1204 1440 Archiv
1220 1407 1368 1448 XXXV,
1384 1409 1448 1440 ⁷64
1458 1419 1523 1450 sqq.

1039 1556 1123 1594 IAN
1125 1556 1318 1594 UARIUS.

363 1635 388 1661 2.
461 1634 508 1662 IV.
521 1643 584 1662 non.
608 1635 658 1662 Ob.
673 1635 698 1662 d.
712 1634 850 1662 Martinus
868 1634 936 1662 olim
955 1635 1031 1670 prior
1049 1635 1076 1663 h.
1088 1635 1107 1663 1.
1120 1637 1150 1663 et
1167 1636 1200 1664 fr.
1213 1635 1329 1664 Georius
1347 1636 1471 1665 Goldner
1489 1636 1560 1665 diac.

363 1678 389 1705 4.
471 1678 507 1706 II.
520 1686 582 1705 non.
608 1678 708 1706 Anniv.
722 1678 748 1705 di
768 1677 880 1706 Nicolai
898 1678 1094 1713 Eysentretich
1114 1679 1149 1706 de
1167 1678 1296 1707 Meissau.
1333 1679 1385 1708 Ob.
1397 1680 1430 1708 fr.
1444 1680 1549 1715 Caspar
1567 1680 1601 1708 de
1615 1681 1779 1717 Witignaw.

346 1721 388 1748 13.
519 1721 556 1749 id.
607 1721 658 1749 Ob.
672 1721 698 1748 d.
711 1721 847 1749 Nicoxaus
864 1722 926 1757 pbr.
936 1723 969 1750 aet
986 1722 1057 1757 prof.
1070 1722 1098 1750 h.
1110 1722 1129 1750 l.
1752 1741 1755 1744 >

345 1765 387 1792 31.
472 1765 509 1793 II.
522 1764 579 1792 kal.
608 1764 660 1792 Ob.
673 1766 705 1792 fr.
719 1764 842 1792 Thomas
860 1765 894 1793 de
913 1765 1037 1793 Haslach
1056 1774 1111 1793 sae.
1124 1766 1195 1801 prof.
1208 1766 1234 1793 h.
1248 1775 1293 1799 m.‚
1312 1767 1350 1794 fil.
1363 1766 1427 1794 sor¹·
1446 1767 1602 1795 fundatoris
1620 1768 1648 1796 h.
1661 1777 1698 1796 m.

1017 1890 1340 1928 FEBRUARIUS.

520 1968 576 1996 kal.
606 1968 656 1996 Ob.
670 1968 703 1996 fr.
717 1969 855 1996 Martinus
873 1969 979 2004 primus
997 1969 1025 1997 h.
1038 1979 1074 1997 m.
1087 1978 1167 2004 ppos,

428 2011 505 2039 VIII.
518 2011 556 2039 id.
606 2012 657 2040 Ob.
670 2012 696 2040 d.
711 2012 849 2040 Iohannes
867 2013 973 2047 primus
991 2013 1018 2040 h.
1032 2013 1050 2040 l.
1064 2021 1125 2047 cap.
1139 2015 1168 2041 et
1186 2013 1290 2041 nobilis
1308 2014 1479 2042 benefactor.

459 2055 506 2082 VI.
520 2055 558 2083 id.
607 2055 658 2083 Ob.
673 2055 841 2083 venerabilis
860 2065 887 2091 p.
900 2056 927 2084 d.
941 2056 1056 2092 Egidius
1074 2056 1181 2091 primus
1199 2065 1279 2092 ppos.
1291 2057 1329 2084 ad
1347 2056 1402 2084 81ιω
1414 2057 1585 2086 Dorotheum
1597 2058 1743 2087 wiennae.

446 2099 509 2126 XII.
522 2099 580 2126 kal.
609 2099 659 2126 Ob.
673 2099 699 2126 d.
711 2099 838 2127 Andreas
855 2107 935 2135 ppos.
948 2099 1032 2127 monss
1051 2099 1087 2127 ad
1105 2099 1161 2127 sm
1173 2100 1345 2128 Dorotheum
1364 2099 1394 2127 in
1407 2100 1545 2135 Wyenna.

363 1969 389 2126 popo-mg*

1065 2224 1295 2262 MARTIUS.

364 2302 389 2329 2.
459 2302 506 2329 VI.
520 2310 584 2329 non.
609 2301 660 2329 Ob.
673 2302 699 2330 d.
713 2302 852 2330 Iohannes
876 2302 910 2330 de
928 2302 1059 2337 Wyenna
1078 2303 1146 2337 prof.
1161 2303 1188 2330 h.
1201 2312 1237 2330 m.
1278 2302 1332 2330 Hic
1356 2302 1403 2330 die
1426 2303 1599 2338 competenti
1622 2304 1696 2332 cirea
1714 2305 1812 2333 ludica.
1834 2307 2009 2342 peragendus
2031 2299 2034 2303 ⁴

659 2347 702 2373 est
720 2345 813 2372 anniv.
826 2354 876 2380 pro
895 2346 1061 2380 parentibus
1080 2346 1106 2373 di
1123 2346 1252 2380 Symonis
1271 2346 1345 2381 profi
1363 2346 1390 2373 h.
1403 2355 1440 2387 m.

348 2388 390 2415 25.
437 2388 510 2415 VIII.
525 2388 581 2415 kal.
610 2388 661 2416 Ob.
675 2389 699 2415 d.
713 2389 851 2416 Iohannes
868 2398 948 2424 ppos.
962 2389 991 2416 in
1009 2389 1293 2424 Hertzogenburga.¹)

1078 2513 1282 2550 APRILIS.

364 2591 388 2618 6.
435 2591 509 2618 VIII.
523 2591 559 2618 id.
609 2591 735 2626 Vigiliae
753 2591 872 2619 maiores
890 2600 941 2626 pro
960 2591 1089 2619 Cunrado
1108 2592 1142 2620 de
1161 2592 1356 2620 Gunderstorff
1370 2594 1400 2620 et
1418 2592 1478 2620 eius
1496 2591 1661 2620 conthorali.

364 2634 389 2661 9.
473 2634 507 2662 V.
521 2634 558 2661 id.
608 2634 734 2669 Vigiliae
752 2634 871 2662 maiores
889 2643 940 2669 pro
959 2635 991 2662 d0
1010 2635 1129 2663 Nicolao
1148 2635 1182 2663 de
1195 2635 1332 2670 Wyenna.

346 2677 388 2703 14.
407 2676 510 2704 XVIII.
523 2677 580 2704 kal.
609 2677 659 2705 Ob.
673 2678 698 2705 d.
711 2677 811 2705 Petrus
830 2687 909 2713 ppos.
923 2679 960 2706 ad
977 2678 1035 2705 Sum
1049 2679 1222 2714 Andream.²)
1331 2677 1335 2681 ’

346 2720 388 2747 26.
459 2720 507 2748 VI.
520 2721 578 2749 kal.
605 2721 708 2748 Anniv.
722 2721 847 2748 Thomas
865 2721 991 2749 Mautter
1009 2722 1042 2749 de
1062 2722 1204 2750 Chrembs.

453 2841 473 2873 1)
492 2840 628 2867 Iohannes
646 2841 708 2875 11⁷„
728 2841 767 2868 ob.
786 2850 811 2869 a.
824 2845 897 2869 1457.
1004 2843 1024 2876 ²)
1045 2846 1216 2869 1411—1421.
