2150 3178
321 186 381 217 164
632 180 900 210 NECROLOGIUM
918 180 1074 210 PATRUM
1091 179 1407 209 PRAEmCA'rORUM
1424 178 1666 209 Bn'rzlmsmn.

1015 297 1288 335 AUGUSTUS.

336 375 361 402 7.
422 373 484 401 VII.
498 373 535 401 id.
581 373 613 400 A.
625 372 652 400 d.
666 372 735 399 1312
753 371 797 400 ob.
810 371 837 400 d.
851 380 922 400 com.
935 371 1132 400 Berichtoldus
1153 372 1188 400 de
1206 371 1349 406 Hardech‚
1371 371 1504 400 fundator
1522 373 1675 401 conventus
1693 373 1720 400 n¹
1738 371 1768 400 in
1786 372 1856 401 Retz
1874 374 1903 400 et
1921 380 1985 401 con-

631 417 799 448 summator,
824 414 873 450 qni
896 414 953 442 fuit
974 414 1108 443 oriundus
1130 415 1165 443 de
1183 414 1342 451 Thuringie
1363 414 1398 443 de
1415 414 1532 444 comitia
1549 415 1661 444 nomine
1679 415 1891 444 Rebenewalde.
1931 415 1985 443 Hic

631 458 706 487 rexit
728 457 846 494 pacifice
869 458 1015 486 comitiam
1038 458 1073 486 de
1090 458 1222 487 Hui-decli
1240 458 1270 486 in
1288 458 1365 486 omni
1383 458 1496 488 iustitia
1513 460 1543 487 et
1560 459 1706 494 nequitate
1724 459 1986 488 commendabiliter

632 502 697 538 plns
714 510 801 536 quam
819 502 854 529 34
872 501 953 529 annis
972 510 1034 530 cum
1052 507 1104 530 ux⁶
1121 502 1177 535 sisa
1190 502 1224 530 d·
1241 501 1386 538 Wilbirgi.

321 547 362 574 11.
436 547 486 574 111.
499 545 536 573 id.
582 546 614 572 A.
627 545 654 573 d.
668 545 735 573 1375
755 545 800 573 ob.
813 545 847 572 d·
863 550 941 573 com·
958 545 1118 580 Elisabeth,
1140 554 1192 574 sor.
1207 546 1234 573 di
1253 545 1384 574 Iohannis
1402 546 1485 574 comi·
1503 546 1538 575 de
1556 545 1737 578 Maidbureh.
1760 545 1808 574 hic
1826 546 1938 582 sepulta
1956 546 1986 574 in

632 588 782 624 sepulchro
800 588 908 616 matris.

319 633 362 661 27.
435 632 484 661 VI.
496 633 554 661 kal.
583 632 652 661 1314
669 632 714 660 ob.
727 632 760 659 d·
778 637 855 660 com·
868 631 1028 668 Wilbirgis,
1046 632 1191 660 fundatrix
1209 633 1364 660 conventus
1381 632 1408 660 11¹
1427 634 1457 661 et
1475 632 1558 660 com¹⁸
1575 631 1750 661 Periohtoldi
1768 641 1812 660 ux.

320 678 362 704 31.
450 677 486 704 11.
499 676 555 704 kal.
583 676 636 704 Ob.
648 675 752 703 nobilis
771 675 936 703 domicellus
954 675 981 704 d.
993 675 1130 711 Georgius
1147 675 1338 711 Gmenauger,
1357 675 1387 703 in
1404 676 1489 704 choro
1506 676 1570 703 frum
1587 675 1724 711 sepultus,
1741 684 1767 703 a.
1779 676 1822 705 20.
1836 675 1935 710 (14)95.

1010 782 1306 821 SEPTEMBER.

338 860 363 888 8.
438 858 486 886 VI.
501 858 538 885 id.
584 857 635 885 Ob.
649 866 707 886 rev.
719 866 748 892 p.
761 857 794 885 fr.
807 856 972 885 Franciscus
990 857 1025 886 de
1043 857 1140 891 Betae,
1165 866 1261 886 sacrae
1279 858 1442 895 theologiae
1459 858 1605 895 professor.
1624 857 1760 886 maximus
1778 858 1942 886 benefactor
1959 859 1989 886 et

634 901 728 929 fautor
746 900 812 949 h.·d.
830 900 911 936 qnasi
929 900 1043 934 tertius,
1065 901 1115 936 qui
1137 901 1194 930 fuit
1216 910 1315 937 regens
1338 901 1367 930 in
1385 901 1506 930 Wiennn
1524 911 1558 930 nc
1577 901 1631 930 vic.
1643 901 1783 938 generalis
1801 907 1848 930 nM
1866 901 1990 930 nationis

321 988 364 1016 25.
422 988 481 1016 V11.
496 988 553 1016 kal.
583 990 614 1015 A.
629 944 842 1016 gtlggffirllsaz.
855 987 998 1016 Conradus
1015 995 1085 1016 com.
1098 987 1133 1016 de
1151 988 1310 1024 Maidburg.

1039 1095 1278 1133 OCTOBER.

322 1171 365 1198 23.
453 1170 488 1197 X.
499 1170 557 1198 kal.
586 1170 686 1198 Anniv.
702 1170 842 1198 Francieci
863 1179 917 1198 von
935 1170 985 1198 der
1003 1169 1084 1206 Ygla.
1104 1170 1266 1198 cancellarii
1284 1171 1424 1205 quondam
1443 1170 1471 1198 di
1489 1170 1658 1198 Michahelis
1676 1170 1759 1198 comss·
1776 1170 1811 1198 de
1823 1169 1991 1206 Maydburg.

322 1214 365 1241 29.
439 1213 487 1241 IV.
500 1213 557 1241 kal.
586 1213 638 1242 Ob.
651 1213 683 1241 fr.
696 1213 821 1242 Michael
841 1213 876 1242 de
894 1214 996 1247 Anaeo,
1021 1213 1098 1249 prior
1115 1214 1142 1242 h.
1156 1222 1180 1242 c.
1193 1215 1223 1241 et
1239 1213 1397 1248 iubilarius,
1415 1213 1465 1249 qui
1483 1215 1549 1250 poet
1567 1213 1799 1242 incinerationem
1817 1212 1945 1242 civitatis
1962 1214 1993 1242 et

637 1258 791 1285 conventus
809 1257 846 1285 ab
864 1257 1017 1285 haereticis
1034 1257 1142 1286 factem
1160 1266 1211 1293 pro
1229 1257 1331 1286 maiori
1349 1259 1431 1293 parte
1449 1258 1618 1286 conventum
1635 1258 1784 1293 recuperat
1802 1259 1832 1285 et
1849 1258 1990 1285 restaurat

640 1300 707 1328 1485
730 1301 822 1328 altera
844 1300 890 1328 die
912 1302 978 1336 post
998 1302 1102 1328 festum
1120 1300 1241 1328 Simonis
1260 1301 1310 1337 [et]
1329 1301 1405 1330 Iude.
1445 1300 1530 1329 Rexit
1548 1301 1718 1329 conventum
1735 1300 1810 1328 hunc
1827 1299 1992 1329 Retzensem

637 1344 672 1371 42
689 1344 770 1371 annis
794 1345 824 1372 et
842 1343 965 1379 amplius
983 1346 1013 1372 et
1031 1346 1200 1372 conventum
1218 1344 1415 1373 Betoviennem
1432 1344 1450 1372 2
1467 1343 1555 1372 annis.
1593 1344 1720 1372 Mortuus
1737 1345 1781 1372 ent
1797 1343 1828 1371 in
1845 1345 1992 1372 senectuto

637 1387 712 1415 bone
731 1387 868 1422 plurimus
887 1387 996 1415 dierum
1015 1390 1098 1423 pater
1115 1387 1321 1424 nonagenarius
1339 1389 1369 1416 et
1386 1387 1519 1416 emeritus
1536 1387 1720 1423 provincialis
1738 1386 1910 1423 provinciae.

1022 1495 1055 1531 N
1056 1494 1299 1533 OVEMBER.

342 1570 368 1597 5.
504 1578 568 1597 non.
587 1570 620 1597 A.
634 1569 660 1597 d.
675 1569 742 1597 1349
761 1569 806 1596 ob.
820 1568 846 1596 d.
861 1569 929 1597 Otto
948 1578 1028 1603 com„
1046 1569 1122 1605 pleb.
1134 1570 1170 1598 de
1187 1570 1358 1606 Egenburga
1374 1571 1405 1599 et
1422 1579 1483 1598 can.
1495 1569 1526 1597 in
1547 1569 1674 1603 Patavini,
1692 1569 1740 1597 bic
1757 1569 1892 1605 sepultus.

326 1612 368 1640 10.
442 1611 490 1640 IV.
503 1612 542 1640 id.
586 1612 638 1640 Ob.
647 1621 721 1648 mag.
729 1613 868 1641 Iohannes
878 1612 1071 1641 Theutonicus
1083 1613 1189 1642 ordinis
1201 1614 1294 1647 n=1v.‚
1307 1613 1449 1649 quondam
1461 1622 1519 1649 epe.
1527 1613 1684 1646 Boanemis,
1697 1613 1813 1641 natione
1820 1611 1992 1640 Westvalun.

327 1657 368 1684 12.
454 1657 491 1684 11.
504 1656 541 1684 id.
587 1656 878 1727 0b.bd.MPu1-chardus
900 1666 970 1686 com.
989 1657 1082 1686 senior
1106 1657 1141 1686 de
1163 1657 1252 1686 Retza
1275 1667 1301 1686 a.
1318 1658 1345 1686 d.
1362 1657 1429 1686 1380
1451 1657 1580 1693 proxime.
1602 1656 1674 1685 feria
1699 1658 1779 1685 sexta
1803 1657 1868 1691 poet
1890 1655 1993 1684 festum

659 1721 666 1728 .
709 1700 806 1729 mini.

1024 1764 1294 1802 DECEMBER.

343 1839 368 1865 3.
443 1838 492 1866 llI.
506 1847 568 1865 non.
588 1838 689 1866 Anniv.
702 1838 787 1866 d⁰¹¹²¹¹¹
805 1839 940 1866 comitum
958 1839 994 1867 de
1012 1839 1171 1875 Maidburg,
1189 1839 1369 1867 fundatorum
1387 1839 1415 1866 h.
1428 1847 1451 1867 c.

344 1882 368 1909 6.
416 1881 492 1908 VIII.
506 1881 543 1908 id.
587 1882 621 1909 A.
634 1882 661 1910 d.
677 1882 745 1910 1353
763 1882 808 1910 ob.
822 1882 848 1910 d.
862 1882 930 1910 Otto
948 1891 1018 1910 com.
1031 1883 1066 1910 de
1083 1882 1243 1918 Maidburg.

325 1925 368 1952 21.
428 1925 491 1953 XII.
504 1925 560 1953 kal.
589 1926 620 1953 A.
634 1925 661 1954 d.
674 1925 743 1953 1393
761 1925 790 1953 in
809 1925 932 1953 crastino
950 1925 972 1952 Β(
984 1925 1109 1954 'rhomae
1127 1926 1251 1962 apostoli
1268 1926 1314 1954 ob.
1326 1935 1396 1954 com.
1409 1925 1546 1954 Iohannes
1564 1925 1599 1952 de
1615 1924 1733 1952 Mohstll.

431 2021 462 2048 A.
478 2021 503 2047 d.
517 2021 585 2047 1425
607 2020 653 2048 die
672 2020 801 2055 sequenti
820 2023 886 2056 post
904 2022 1007 2048 festum
1026 2021 1076 2055 gin)
1095 2021 1212 2048 Martini
1230 2022 1420 2049 convenerunt
1438 2020 1570 2048 Hussitae
1589 2029 1652 2048 cum
1669 2019 1794 2047 maxima
1810 2017 1992 2047 multitudine

326 2064 363 2091 ad
388 2063 589 2092 monasterium
608 2064 744 2096 Lucense.
771 2064 1007 2093 inhabitaverunt
1028 2064 1099 2092 illud
1121 2073 1172 2100 pei·
1194 2064 1319 2092 triduum
1342 2066 1372 2092 et
1394 2065 1529 2100 ceperunt
1551 2063 1602 2091 ἕπε·
1624 2062 1747 2098 aliquos,
1771 2062 1841 2090 dnos
1865 2069 1930 2090 vero
1953 2061 1994 2089 eis

328 2107 481 2135 adhaerere
500 2107 627 2135 nolentes
646 2107 867 2135 combusserunt.

432 2150 535 2185 Itemb)
567 2152 633 2186 post
664 2150 883 2179 destructionem
908 2150 1072 2180 monasterii
1094 2150 1267 2179 transierunt
1293 2150 1395 2178 Bezam
1420 2152 1450 2178 et
1473 2149 1658 2177 obtinuerunt
1683 2148 1764 2176 illam
1787 2147 1936 2176 civitatem
1963 2148 1994 2175 et

327 2194 479 2221 maximam
505 2193 719 2222 multitudinem
743 2194 869 2222 fidelium
894 2194 1000 2223 ibidem
1019 2194 1221 2223 interfecerunt
1239 2195 1268 2222 et
1286 2194 1312 2221 d.
1325 2193 1479 2221 Iohannem
1498 2198 1596 2220 comm
1615 2192 1649 2220 de
1667 2191 1842 2227 May'dburck
1859 2193 1994 2226 ceperunt

328 2240 358 2266 ct
381 2246 476 2265 secum
494 2238 616 2272 Pragam
638 2237 779 2265 duxerunt
803 2240 833 2265 et
858 2238 908 2265 fre·
927 2240 1079 2267 conventus
1097 2238 1174 2266 illius
1192 2246 1287 2265 omnes
1305 2237 1524 2272 captivaverunt
1542 2237 1572 2264 et
1588 2235 1727 2264 seniorem
1745 2235 1822 2262 illius
1839 2235 1994 2263 conventus

327 2281 537 2309 interfecerunt.

432 2394 456 2428 ¹¹)
476 2396 493 2421 f.
513 2395 553 2421 ecl.
658 2394 684 2427 b)
703 2395 773 2421 Idem
792 2396 832 2421 ed.
