2150 3178
262 198 370 226 LIBER
389 197 634 226 OBLATIONUM
652 197 698 224 ΕΤ
717 195 962 224 ANNIVERSAR.
977 195 1202 223 MONASTERII
1220 195 1371 224 SCOTOR.
1384 196 1687 225 VINDOBONENSIS.
1741 199 1799 230 311

145 285 293 318 ventibus
321 285 480 318 ordinavit
506 285 538 316 in
565 284 697 316 laudem
725 283 952 325 omnipotentis
980 282 1033 315 dei
1056 294 1093 315 ac
1116 283 1256 325 gloriose
1280 293 1337 314 sue
1361 284 1525 325 genitricis
1548 284 1680 326 virginis
1702 284 1805 316 Marie

144 340 178 370 et
206 348 262 369 sue
289 337 396 369 anime
426 336 564 368 salutem
591 335 757 367 annuatim
787 338 821 366 et
847 334 1087 376 septimanatim
1115 334 1280 366 decantari
1306 334 1438 366 missam
1466 335 1692 367 defunctorum
1721 335 1803 368 feria

143 389 285 422 secunda
307 391 339 421 in
361 389 487 431 capella
510 393 538 420 s⁰
553 387 742 426 Katherine,
765 387 820 419 ubi
843 387 989 429 predicta
1012 387 1048 418 d*
1071 390 1120 419 est
1143 387 1277 429 sepulta.
1316 387 1440 419 Verum
1461 387 1536 428 quia
1552 387 1689 428 predicti
1710 386 1805 419 mon¹'¹

144 442 199 473 fr⁸⁸
226 441 267 474 de
297 441 458 473 communi
486 440 619 471 consilio
648 450 713 471 non
741 439 787 471 ita
816 441 1080 481 acceptaverunt,
1110 438 1229 470 idcirco
1257 439 1451 470 auctoritate
1478 438 1606 480 prefata
1633 439 1803 480 ordinavit,

145 496 302 535 quatenus
328 492 418 524 iuxta
441 490 705 523 consuetudinem
727 491 884 522 hactenus
906 490 1051 522 inolitam
1075 490 1162 522 omni
1185 490 1367 531 septimana
1389 489 1517 531 legatur
1538 500 1602 521 una
1625 491 1722 522 missa
1745 501 1803 532 pro

127 544 303 582 ,defunctis
331 546 364 575 et
390 543 422 574 in
450 552 683 584 reconpensam
712 545 824 574 cantus
847 541 1028 574 celebretur
1051 543 1155 573 anniv.
1177 542 1247 573 eius
1270 552 1342 573 cum
1364 541 1482 583 vigiliis
1505 543 1602 573 trium
1625 542 1804 574 leccionum

102 761 125 779 10

101 1019 125 1038 15

99 1535 124 1555 ’Β

99 2053 124 2073 ³⁵

101 2568 128 2587 45

143 598 177 627 et
203 596 301 627 missa
329 594 554 626 defunctorum
582 594 730 635 cantatis,
762 594 820 625 sub
850 603 913 635 qua
940 593 1070 635 quidem
1094 594 1192 625 missa
1214 594 1365 635 legantur
1387 593 1450 625 alie
1475 596 1626 634 quattuor
1648 594 1681 624 in
1703 594 1804 635 ipsius

142 647 343 688 memoriam,
367 647 399 678 in
422 645 568 688 qualibet
589 646 731 687 ipsarum
755 646 907 687 imposita
930 646 1068 677 collecta
1092 656 1149 687 pro
1173 645 1242 677 eius
1265 646 1381 677 anima.

246 698 330 730 Item
354 697 494 740 quedam
523 697 568 737 (Ρ,
598 702 685 728 com¹²
708 696 888 738 Wilburgis
913 700 1028 729 vocata
1056 697 1097 729 de
1120 697 1292 739 Hardegg,
1322 696 1412 728 dedit
1435 697 1466 727 in
1493 699 1642 739 prompta
1666 697 1804 738 pecunia

146 752 206 782 100
223 754 253 781 w
270 754 304 791 o),
326 753 362 781 ut
386 749 523 790 videtur,
547 748 589 780 ad
609 748 763 780 fabricam
779 748 874 780 monii
889 749 1036 790 predicti,
1061 748 1102 780 de
1126 749 1241 790 quibus
1265 748 1425 781 ordinavit
1448 749 1551 780 anniv.
1570 747 1732 790 quondam
1756 749 1804 780 sui

144 802 252 833 mariti
285 801 412 833 Ottonis
444 801 608 833 annuatim
641 800 754 842 peragi
786 801 877 831 iuxta
908 810 1037 832 omnem
1069 800 1200 832 modum
1234 800 1458 832 celebritatem
1491 803 1524 832 et
1555 801 1804 832 elemosinarum

143 853 364 895 largicionem,
388 853 470 884 sicut
492 851 671 884 fundatoris
695 851 725 883 di
740 851 886 883 Heinrici
910 851 999 883 ducis
1017 852 1148 883 Austrie
1160 852 1186 894 ¹)
1210 853 1315 884 anniv.
1332 853 1507 894 peragitur.
1554 851 1619 884 Sed
1643 852 1718 894 quia
1741 862 1806 884 non

143 907 268 936 constat
290 904 373 936 hanc
395 904 566 946 pecuniam
589 904 621 934 in
644 903 819 935 utilitatem
841 903 937 934 monii
953 903 1135 946 premississ)
1160 907 1193 935 et
1209 904 1311 935 eciam
1327 904 1413 935 ultra
1429 904 1596 935 dimidium
1613 905 1686 935 iusti
1703 905 1805 946 precii

142 966 227 987 mou.
249 956 355 998 ipsum
378 966 448 987 esse
472 958 655 997 gravatum,
685 954 759 986 ideo
783 954 956 986 arbitratus
980 958 1041 996 est,
1071 955 1154 987 hanc
1178 955 1419 987 ordinacionem
1443 967 1553 988 eorum
1578 956 1804 996 consciencias‚

144 1008 199 1049 qui
220 1017 304 1039 nunc
327 1010 399 1039 sunt
422 1010 455 1039 et
477 1008 532 1049 qui
554 1010 628 1049 post
651 1017 707 1038 eos
728 1007 760 1038 in
784 1009 978 1048 perpetuum
1003 1006 1102 1039 futuri
1125 1010 1208 1048 sunt,
1231 1018 1295 1038 non
1319 1007 1473 1049 obligare.

245 1059 331 1091 Item
354 1058 458 1090 dictus
479 1058 604 1098 Hierss,
635 1058 798 1100 quondam
823 1059 881 1090 civ.
900 1058 1041 1099 Wienn.,
1075 1058 1198 1100 legavit
1208 1058 1235 1100 2)
1269 1059 1303 1090 in
1325 1062 1520 1091 testamento
1551 1070 1608 1090 suo
1638 1058 1738 1101 legali
1766 1069 1805 1090 ac

142 1110 302 1152 legittimo
334 1111 462 1142 vineam
496 1110 659 1152 quandam
689 1113 907 1151 nuncupatam
938 1110 1048 1152 Pyber
1075 1111 1170 1142 sitam
1201 1111 1233 1141 in
1259 1102 1428 1142 Attachrin
1458 1111 1519 1152 ipsi
1549 1110 1676 1152 prefato
1705 1109 1805 1141 111011ἰο

142 1172 222 1204 pure
245 1165 379 1204 propter
402 1162 499 1194 deum
523 1163 555 1194 in
578 1163 716 1194 salutem
739 1163 846 1194 anime
870 1173 927 1194 sue
950 1165 984 1194 et
1006 1162 1187 1194 remedium
1210 1173 1248 1194 ac
1272 1173 1329 1194 sue
1352 1163 1462 1194 uxoris
1481 1162 1566 1194 dicte
1582 1162 1735 1203 Hailken,
1759 1162 1805 1193 ita

143 1217 263 1256 tamen,
286 1217 322 1245 ut
345 1214 385 1246 de
406 1217 545 1256 quatuor
567 1218 597 1245 a.
619 1217 835 1256 proventuum
860 1214 946 1246 dicte
970 1215 1063 1246 vinee
1087 1214 1192 1246 anniv.
1210 1214 1387 1246 eorundem
1412 1213 1593 1246 celebretur
1616 1216 1648 1245 et
1671 1213 1711 1245 de
1735 1213 1805 1245 aliis

144 1268 282 1307 quatuor
307 1266 424 1297 infirmi
455 1265 510 1297 fr⁶⁸
532 1265 677 1298 eiusdem
705 1265 799 1297 monii
822 1266 1036 1298 consolentur.
1087 1266 1294 1308 Quapropter
1317 1265 1476 1297 ordinavit
1504 1268 1537 1296 et
1559 1266 1685 1306 statuit,
1718 1265 1805 1306 quod

144 1317 319 1349 eorundem
347 1318 452 1350 anniv.
477 1328 549 1350 cum
576 1318 694 1360 vigiliis
718 1318 814 1349 trium
836 1318 1016 1349 leccionum
1040 1320 1073 1349 et
1095 1318 1193 1348 missa
1216 1316 1443 1348 defunctorum
1465 1316 1600 1348 cantatis
1623 1315 1806 1347 celebretur

142 1370 175 1400 in
197 1372 402 1411 perpetuum.
448 1370 561 1402 Voluit
582 1370 727 1411 insuper,
757 1372 793 1401 ut
819 1369 871 1401 die
896 1369 1139 1401 anniversariali
1161 1368 1320 1400 habeatur
1342 1379 1454 1400 eorum
1478 1368 1627 1410 specialis
1649 1368 1806 1399 memoria

142 1422 175 1452 111
205 1421 362 1463 capitulo,
392 1421 448 1453 ubi
478 1431 590 1453 omnes
619 1421 673 1453 fr⁰⁸
703 1421 807 1453 solent
837 1421 880 1453 ad
910 1421 1067 1453 orandum
1097 1431 1154 1462 pro
1185 1421 1345 1452 defunctis
1374 1421 1545 1452 convenire
1575 1420 1620 1450 ita
1647 1429 1738 1460 sane,
1769 1422 1806 1450 ut

144 1472 270 1504 dicatur
292 1474 325 1504 in
348 1483 460 1505 eorum
480 1473 737 1515 congregacione
754 1483 812 1514 pro
830 1476 914 1514 tunc,
938 1472 1024 1514 quod
1040 1473 1105 1504 iam
1122 1472 1226 1504 dictus
1241 1472 1335 1504 Hirss
1350 1482 1409 1513 pro
1426 1482 1484 1503 sua
1499 1471 1632 1513 speciali
1647 1471 1805 1502 memoria

144 1528 282 1567 quatuor
304 1530 334 1556 11).
358 1529 380 1561 o).
406 1525 447 1557 de
471 1536 567 1567 supra
590 1525 676 1557 dicta
698 1525 793 1557 vinea
815 1525 857 1557 ad
880 1525 1115 1557 infirmitorium
1139 1524 1307 1556 ordinavit.

246 1577 330 1608 Item
348 1578 527 1620 perspectis
549 1588 608 1619 per
625 1576 764 1614 eundem
780 1582 894 1618 magum
909 1576 1095 1608 Narcissum
1113 1576 1296 1618 diligencia,
1320 1587 1384 1618 qua
1399 1576 1504 1618 potuit
1520 1575 1677 1617 ampliori,
1701 1576 1803 1606 omni-

143 1627 204 1660 bus
226 1639 263 1660 ac
285 1629 418 1671 singulis
441 1629 511 1661 aliis
533 1629 659 1670 litteris,
686 1629 719 1660 in
743 1628 859 1670 quibus
882 1628 981 1660 divini
1004 1628 1142 1660 nominis
1166 1627 1322 1670 obsequia
1345 1631 1418 1659 sunt
1441 1627 1599 1664 ordinata,
1629 1627 1751 1668 reperit
1773 1630 1805 1658 et

142 1681 274 1722 invenit,
298 1680 385 1722 quod
408 1680 563 1722 redditus,
587 1691 684 1722 super
707 1680 822 1722 quibus
846 1683 938 1712 erant
960 1680 1103 1721 fundata,
1128 1683 1201 1711 sunt
1223 1680 1341 1721 partim
1358 1680 1489 1711 alienati
1506 1678 1594 1711 etde
1611 1678 1804 1720 quibusdam

144 1732 354 1764 vehementer
381 1733 590 1774 presumitur,
621 1732 709 1774 quod
738 1743 849 1764 eorum
873 1731 1036 1763 ordinacio
1060 1742 1133 1763 cum
1155 1731 1342 1763 reddituum
1365 1731 1542 1763 collacione
1566 1741 1741 1772 numquam
1765 1731 1806 1762 sit

146 1784 334 1816 execucioni
357 1784 561 1816 demandata.
607 1784 687 1817 Ideo
711 1784 904 1816 auctoritate
928 1784 1055 1825 prefata
1078 1783 1150 1825 sibi,
1173 1787 1210 1815 ut
1232 1783 1451 1825 prescribitur,
1474 1783 1594 1814 tradita
1617 1783 1658 1814 ob
1682 1783 1804 1814 sereni·

143 1838 244 1867 tatem
261 1846 298 1867 ac
313 1836 533 1878 quietudinem
550 1836 822 1868 conscienciarum
838 1836 1041 1878 presencium
1059 1838 1092 1867 et
1108 1835 1287 1868 futurorum
1304 1835 1371 1866 fr¹¹¹¹³
1385 1835 1529 1867 eiusdem
1545 1834 1639 1866 monii
1651 1834 1805 1874 decrevit,

145 1897 201 1918 eas
217 1897 329 1919 omnes
353 1891 387 1919 et
402 1888 544 1930 singulas
560 1888 679 1919 nullius
694 1887 764 1919 fore
781 1887 905 1919 roboris
920 1890 976 1919 aut
991 1888 1146 1919 momenti
1163 1890 1197 1919 et
1211 1888 1299 1929 ipsos
1315 1887 1369 1918 frffl’
1385 1890 1518 1928 propter
1534 1887 1664 1918 easdem
1681 1887 1805 1918 litteras

143 1939 272 1980 penitus
294 1939 336 1970 ad
358 1939 512 1971 nichilum
536 1939 683 1982 obligari.
727 1939 812 1971 Item
836 1939 932 1971 simili
954 1939 1051 1971 modo
1075 1940 1254 1981 perspectis
1277 1939 1367 1970 libris
1389 1941 1589 1970 mortuorum
1609 1948 1628 1969 a
1645 1937 1724 1969 fr¹b¹¹⁸
1740 1937 1804 1969 fide

144 1990 249 2032 dignis
278 1991 409 2022 inventa
437 1994 510 2023 sunt
539 2001 636 2033 quam
667 1991 759 2033 plura
787 1990 907 2022 anniv³⁸
932 1991 1108 2033 antiquitus
1135 1992 1304 2032 inscripta,
1336 1990 1376 2022 de
1406 1990 1521 2032 quibus
1549 1991 1678 2031 penitus
1707 1989 1805 2021 nichil

144 2041 292 2083 habetur,
316 2053 453 2084 quorum
477 2043 579 2074 eciam
603 2043 712 2084 aliqua
735 2053 799 2074 non
822 2045 895 2073 sunt
918 2042 1083 2074 celebrata
1104 2053 1124 2074 a
1139 2045 1228 2074 tanto
1245 2044 1403 2084 tempore,
1428 2045 1581 2083 quantum
1598 2052 1633 2073 se
1647 2041 1805 2073 memoria

143 2093 309 2125 hominum
333 2093 490 2135 extendit,
513 2093 633 2126 idcirco
658 2095 850 2126 auctoritate
874 2093 935 2125 sibi
958 2094 1130 2125 commissa
1153 2104 1226 2126 cum
1248 2094 1326 2136 ipsis
1347 2093 1427 2125 f1·¹¹’‘³⁸
1444 2093 1584 2134 desuper
1599 2092 1805 2134 dispensavit,

143 2149 180 2177 ut
201 2145 234 2177 in
257 2145 398 2177 futurum
421 2145 463 2177 ad
487 2156 598 2178 eorum
622 2145 879 2177 celebracionem
903 2156 967 2177 non
990 2146 1053 2178 sint
1076 2145 1222 2187 obligati,
1248 2147 1324 2188 quia
1347 2149 1411 2177 tam
1436 2145 1524 2187 ipsis,
1549 2155 1646 2187 quam
1667 2145 1805 2186 posteris

144 2207 256 2229 eorum
286 2200 372 2229 esset
404 2207 541 2229 onerosa
570 2200 668 2239 atque
698 2197 834 2230 tediosa.
884 2197 968 2229 Item
998 2198 1073 2239 quia
1102 2198 1311 2240 presumitur,
1342 2197 1428 2239 quod
1453 2207 1550 2239 quam
1573 2197 1682 2238 plures
1706 2196 1804 2228 bene-

144 2249 301 2281 factorum
324 2250 575 2291 prescriptorum
598 2249 639 2281 ad
663 2249 805 2281 divinum
829 2250 949 2281 cultum
973 2250 1187 2282 contulerunt,
1211 2249 1327 2291 quibus
1351 2259 1395 2280 ex
1411 2259 1494 2280 nunc
1510 2249 1542 2279 in
1558 2247 1691 2289 speciali
1708 2247 1806 2279 nichil

145 2300 212 2342 fiet,
236 2303 269 2332 et
291 2301 362 2342 ipsa
383 2300 479 2342 bona,
501 2304 538 2333 ut
560 2302 701 2343 timetur,
725 2312 784 2343 per
806 2301 1042 2343 negligenciam
1061 2301 1328 2343 predecessorum
1344 2300 1407 2332 sint
1422 2301 1563 2332 alienata
1579 2302 1636 2331 aut
1651 2299 1804 2340 collapsa,

144 2362 184 2383 ne
211 2352 309 2394 igitur
337 2362 448 2384 eorum
471 2352 690 2385 beneficencie
714 2353 775 2395 ipsi
798 2356 865 2384 tam
888 2353 962 2385 abb.
980 2363 1077 2395 quam
1100 2356 1276 2385 conventus
1299 2354 1333 2384 et
1356 2362 1468 2383 eorum
1491 2361 1692 2383 successores
1715 2350 1804 2382 vide-

145 2406 239 2435 antur
265 2404 396 2446 ingrati,
429 2404 589 2436 ordinavit
618 2407 715 2447 atque
745 2406 870 2446 statuit,
899 2408 935 2437 ut
962 2405 1053 2437 iuxta
1082 2415 1213 2436 suorum
1243 2404 1432 2436 meritorum
1462 2403 1663 2445 exigenciam
1693 2413 1805 2434 omnes

144 2455 315 2488 collatores
345 2461 378 2487 et
405 2455 630 2488 benefactores
657 2457 874 2489 communium
904 2456 1063 2489 bonorum
1091 2457 1154 2488 sint
1183 2457 1368 2498 participes.
1421 2455 1525 2497 Super
1555 2459 1588 2486 et
1619 2454 1659 2486 de
1688 2454 1804 2496 quibus

145 2507 292 2539 omnibus
320 2510 353 2538 et
379 2507 512 2550 singulis
539 2508 741 2550 supradictus
763 2508 968 2541 venerandus
990 2520 1037 2550 p.,
1072 2508 1102 2541 d.
1119 2508 1281 2540 Iohannes
1310 2507 1383 2539 abb.
1407 2506 1590 2538 nominibus
1613 2507 1804 2548 supratactis

146 2559 314 2600 requisivit
342 2569 395 2591 me
424 2560 584 2591 notarium
613 2560 776 2602 publicum
807 2561 1038 2603 subscriptum,
1067 2564 1103 2593 ut
1133 2560 1194 2592 sibi
1224 2570 1322 2591 unum
1352 2559 1405 2591 vel
1433 2558 1526 2600 plura
1552 2558 1716 2600 publicum
1746 2568 1804 2590 seu

146 2609 275 2651 publica
310 2610 506 2643 conficerem
539 2612 786 2644 instrumentum
820 2622 878 2644 seu
904 2613 1125 2644 instrumenta.
1177 2612 1262 2643 Acta
1291 2613 1364 2643 sunt
1392 2610 1454 2641 hec
1483 2620 1580 2650 anno,
1614 2609 1803 2650 indiccione,

252 2712 276 2745 ⁸)
295 2713 417 2745 premisse
435 2714 490 2739 cod.

251 2779 436 2848 ¹)dHeinricus
448 2780 490 2807 II.
510 2780 726 2816 „Iasornirqott‘g
745 2782 792 2816 qui
809 2791 834 2809 α.
848 2787 910 2810 1177
919 2783 959 2811 ob.
1063 2784 1084 2816 ²)
1103 2783 1232 2816 Diploma
1248 2782 1281 2809 de
1298 2782 1345 2809 hoc
1362 2783 1444 2816 legato
1460 2781 1493 2808 ab
1509 2789 1538 2808 eo
1556 2781 1644 2808 idibus
1656 2780 1803 2807 Decembris

148 2830 175 2848 α.
189 2824 254 2848 1302
290 2824 364 2849 atum
382 2825 427 2850 est.
