2150 3178
568 187 834 215 NECROLOGIUM
851 186 1063 214 MONIALIUM
1083 185 1393 214 GOTTVICENSIUM.
1678 211 1681 215 ,
1745 190 1809 220 459

156 279 198 308 17.
255 278 315 306 XV.
327 277 386 305 kal.
413 273 719 314 ML1.Heinricus‚
752 274 907 315 Thomas,
939 273 1009 315 pbr¹
1035 277 1068 305 et
1096 272 1138 304 mi
1164 284 1193 305 n.
1215 284 1241 305 o.
1295 273 1517 315 Sigismundus
1544 273 1613 315 pbr.
1641 276 1674 305 et
1700 285 1742 307 m.
1768 275 1809 307 de

464 325 665 367 Degernsee.
710 324 892 366 Stephanus
915 325 984 366 pbr.
1007 328 1040 357 et
1065 335 1107 356 m.
1129 324 1170 356 de
1194 324 1230 356 S⁰
1246 324 1390 366 Ypolito.
1435 324 1596 357 Iohannes
1620 326 1688 367 pbr.
1711 330 1744 359 et
1766 338 1808 359 m.

466 376 507 408 de
531 375 780 418 Seytenstetten.

415 431 445 459 S.
457 431 518 458 LE.
538 427 673 470 Brigida
697 438 758 459 sor.
775 428 807 459 in
830 427 1008 469 Nueburga
1030 428 1212 460 Olaustrali.

157 488 199 515 18.
247 487 319 515 XIV.
332 488 387 515 kal.
415 487 516 514 MLI.
533 483 683 515 Andreas
705 493 752 515 cv.
769 494 799 515 11.
817 493 843 515 o.
888 483 1061 515 Heinrious
1083 484 1153 526 pbr.
1173 487 1206 516 et
1229 494 1298 515 oan.
1315 484 1347 515 in
1371 483 1575 525 Dyernstain.
1620 485 1716 518 vitus
1739 488 1809 529 pbr.

466 538 499 568 et
520 546 563 567 m.
579 536 611 566 in
631 534 771 567 Mellioo.
818 534 978 577 Georgius
1001 536 1071 577 pbr.
1090 539 1122 567 et
1146 546 1214 567 can.
1230 535 1262 567 in
1279 535 1476 578 Nuburga.³)
1522 541 1566 567 Fr.
1584 542 1724 570 Iohannes
1747 544 1808 578 pbr.

467 588 496 614 et
513 595 549 614 m.
563 586 597 612 de
614 586 822 620 Altenburgkh.

415 633 442 661 S.
454 632 515 660 LE.
533 629 662 662 Helena
685 640 747 661 sor.
763 640 793 661 n.
811 639 838 660 o.

157 690 198 716 19.
244 689 319 716 XIII.
331 689 389 716 kal.
416 688 517 734 QLI.
534 685 728 726 Friderious,
744 684 958 726 Almbicusb),
975 684 1044 725 pbri
1061 687 1092 716 et
1108 684 1149 716 mi
1165 695 1195 716 n.
1209 695 1234 716 e.
1272 685 1411 716 Iacobus
1426 685 1495 727 pbr.
1513 689 1546 718 et
1560 697 1602 719 m.
1619 688 1651 719 in
1666 688 1810 722 Mansee.

464 736 601 768 Iacobus
625 736 728 767 dictus
751 735 792 767 de
817 735 944 767 Corona
967 745 1035 766 can.
1052 736 1084 766 in
1103 735 1308 777 Dyernstain.
1355 736 1515 779 Georgius
1538 739 1626 780 prior
1648 740 1681 771 in
1695 740 1810 773 Alton-

465 787 556 830 burg.
603 786 762 829 Georgius
784 787 854 828 pbr.
872 789 906 818 et
927 797 969 818 m.
986 787 1026 818 de
1049 786 1173 818 Nidern
1196 787 1325 819 Altach.

416 842 442 869 S.
454 842 516 870 LE.
535 839 713 871 Benedicta
735 849 798 870 sor.
814 849 844 870 n.
863 849 889 870 o.

157 898 199 926 20.
257 898 318 925 XII.
331 898 387 925 kal.
414 898 513 925 MLI.
532 894 715 926 Fridericus
738 894 806 936 pbr.
824 897 857 926 et
874 905 915 926 m.
929 905 958 926 n.
973 904 999 925 c.
1038 899 1122 926 Iacob
1139 899 1323 927 Schenleben.
1363 900 1446 927 Anna
1461 910 1508 928 ux.
1523 901 1592 928 eius.
1631 902 1707 937 Mag.
1722 903 1810 931 Ludo-

297 948 299 950 ’
468 946 554 973 wicus
572 946 610 973 fil.
623 945 755 973 eiusdem.

415 992 516 1026 S.,LE.
535 989 665 1022 Helena
687 999 749 1021 sor.
765 1000 795 1020 n.
813 1000 839 1021 c.
885 989 1024 1021 Cristina
1046 999 1108 1020 sor.
1124 999 1153 1020 n.
1171 999 1198 1020 ο.

157 1049 200 1076 21.
274 1049 321 1076 XI.
334 1049 389 1076 kal.
418 1049 517 1076 M.1·.1.
536 1044 713 1087 Seyfridus,
741 1044 916 1086 Erhardus,
943 1044 1012 1086 pbr¹
1036 1047 1070 1076 et
1092 1044 1132 1076 m¹
1155 1056 1185 1076 n.
1203 1055 1228 1076 o.
1275 1050 1415 1078 Iohannes
1438 1051 1499 1086 pbr.
1518 1053 1548 1079 et
1570 1060 1631 1079 can.
1648 1052 1682 1080 de
1706 1053 1810 1081 Seeaw.

418 1101 447 1128 S.
459 1101 521 1128 LE.
539 1096 671 1129 Riohisa
694 1107 756 1128 sor.
773 1107 803 1128 n.
820 1106 847 1128 e.

158 1156 200 1184 22.
288 1157 322 1184 X.
334 1157 392 1185 kal.
419 1156 521 1184 MLI.
540 1153 579 1184 D.
594 1153 755 1185 Iohannes
778 1152 851 1184 abb.
868 1151 908 1184 de
925 1152 957 1184 S.
970 1152 1189 1194 Lamperto.¹)
1234 1152 1421 1185 Oristannus
1445 1153 1484 1185 de
1503 1153 1718 1197 Obernburga
1740 1156 1811 1198 pbr.

470 1208 502 1237 et
530 1216 573 1237 m.
623 1205 780 1237 Martinus
808 1204 878 1246 pbr.
904 1207 937 1236 et
964 1215 1006 1235 m.
1029 1204 1062 1235 in
1091 1204 1300 1245 Tegensee.0)
1350 1209 1394 1237 Fr.
1412 1209 1559 1237 Udalticus
1586 1210 1647 1245 pbr.
1669 1212 1698 1238 et
1720 1221 1757 1239 m.
1777 1212 1811 1239 de

420 1298 446 1326 S.
458 1255 841 1334 ssgugsszkssaysbergerm
859 1304 899 1325 mr
917 1298 994 1325 abbis
1011 1298 1236 1331 Bartholomei.2)
1272 1299 1385 1334 Angues
1404 1299 1469 1326 avia
1487 1299 1618 1327 eiusdem.

159 1350 203 1378 23.
275 1349 322 1378 IX.
335 1350 392 1378 kal.
419 1350 521 1378 MLI.
538 1346 609 1379 Leo
637 1356 706 1379 can.
726 1347 759 1378 in
781 1346 986 1388 Dyernstain.
1035 1346 1184 1378 Andreas
1207 1345 1356 1378 Grossler
1384 1347 1424 1379 de
1448 1347 1485 1379 S0
1500 1348 1687 1390 Lamperto.
1733 1353 1811 1380 Lam-

469 1399 566 1433 pertus
584 1398 645 1432 pbr.
660 1399 689 1425 et
706 1407 741 1424 m.
755 1398 789 1425 de
806 1397 1013 1431 Altenburgkh.

417 1445 444 1473 S.
457 1445 519 1474 LE.
539 1441 638 1474 Otilia
653 1441 921 1483 Wildenhagerin
946 1451 1007 1472 sor.
1024 1451 1054 1472 n.
1072 1451 1098 1473 c.

160 1501 203 1529 24.
247 1500 323 1528 VIII.
336 1500 392 1528 kal.
419 1501 458 1527 M.
470 1501 520 1528 LI.
538 1497 687 1529 Andreas
709 1497 778 1539 pbr.
796 1500 829 1529 et
850 1507 892 1528 m.
909 1507 939 1529 n.
957 1507 983 1528 o.

418 1552 446 1580 S.
458 1551 518 1580 LE.
538 1548 759 1591 chunigundis
782 1558 843 1580 sor.
860 1558 890 1580 n.
908 1558 934 1580 0.

160 1607 202 1635 25.
263 1607 323 1636 VII.
336 1608 393 1636 kal.
420 1608 521 1636 M.LI.
539 1605 592 1637 Fr.
608 1605 802 1636 Altmannus
823 1604 893 1646 pbr.
910 1607 944 1636 et
965 1615 1007 1636 m.
1024 1615 1053 1636 n.
1071 1615 1098 1636 o.
1143 1604 1317 1636 Pertoldus
1340 1605 1373 1636 iu
1388 1604 1515 1637 Melico.
1562 1605 1671 1638 Sixtus
1693 1606 1764 1648 pbr.
1781 1609 1815 1639 et

469 1667 511 1688 m.
527 1657 560 1688 in
582 1656 873 1688 Kremszmunster.

418 1711 445 1738 S.
458 1711 522 1738 LE.
541 1707 764 1750 Ghunigundis
786 1718 848 1740 sor.
865 1719 894 1740 n.
912 1718 939 1740 o.
984 1709 1079 1740 Anna
1102 1708 1165 1740 m¹i⁸
1187 1708 1219 1740 in
1241 1708 1427 1751 Newburga
1451 1707 1633 1740 claustrali.

161 1766 204 1795 26.
275 1767 391 1795 V1.kal.
419 1767 520 1795 MLI.
538 1764 591 1796 Fr.
613 1763 767 1796 Erasmus
795 1764 864 1806 pbr.
888 1767 922 1795 et
949 1775 992 1796 m.
1016 1764 1056 1796 de
1085 1765 1293 1806 Tegensee.⁰)
1346 1764 1386 1796 D.
1410 1764 1575 1796 Oristanus
1604 1764 1677 1796 abb.
1700 1763 1814 1806 Altad)

472 1815 695 1858 Superioris.³)
739 1815 792 1847 Fr.
809 1815 933 1858 caspar
954 1827 996 1848 m.
1012 1817 1143 1849 ibidem.

419 1871 446 1898 S.
459 1871 520 1898 LE.
538 1867 693 1907 Barbara,
716 1867 852 1909 Iuliana,
876 1873 927 1900 ov⁹
950 1879 979 1900 n.
997 1878 1023 1900 o.

162 1925 205 1953 27.
285 1927 320 1954 V.
332 1928 390 1955 kal.
418 1927 520 1954 MLI.
538 1923 580 1956 D.
596 1923 758 1956 Iohannes
781 1923 855 1955 abb.
872 1934 902 1954 n.
919 1923 979 1965 o.⁴)
1024 1923 1211 1956 Gerhardus
1233 1934 1275 1956 m.
1292 1934 1322 1955 n.
1340 1934 1366 1955 o.
1412 1923 1465 1954 Fr.
1483 1922 1603 1964 Symon
1626 1923 1695 1964 pbr.
1717 1926 1749 1954 et
1772 1933 1813 1955 m.

472 1974 513 2007 de
535 1975 676 2007 Mellioo.
721 1974 919 2006 Benedictus
941 1974 1010 2017 pbr.
1028 1978 1060 2007 et
1083 1986 1124 2006 m.
1141 1976 1174 2007 in
1188 1975 1390 2017 Saltzpurga.
1436 1974 1606 2006 Udalrieus
1629 1974 1698 2016 pbr.
1716 1977 1750 2006 et
1771 1984 1813 2006 m.

470 2027 503 2057 in
525 2025 732 2068 Ebersperig.
777 2026 917 2058 Mathias
939 2026 1009 2068 pbr.
1027 2029 1060 2058 et
1082 2037 1151 2058 can.
1168 2028 1200 2058 in
1222 2026 1460 2068 Hertzoburga.

420 2081 448 2108 S.
460 2080 522 2108 LE.
541 2077 706 2110 Mathildis
730 2078 771 2110 de
795 2078 1020 2110 Charlesteten
1043 2088 1104 2109 sor.
1121 2089 1152 2110 n.
1169 2088 1194 2110 o.
1240 2077 1490 2120 Margaretha.⁶)

162 2137 205 2165 28.
280 2137 326 2164 IV.
338 2137 395 2164 kal.
422 2137 523 2165 M.L1.
543 2134 770 2176 Wolffgangus
791 2133 861 2176 pbr.
879 2137 912 2166 et
933 2144 974 2166 m.
992 2145 1022 2166 n.
1039 2144 1065 2166 o.
1110 2133 1271 2166 Iohannes
1294 2134 1364 2176 pbr.
1382 2137 1415 2166 et
1437 2144 1479 2165 m.
1496 2134 1528 2165 in
1551 2132 1745 2175 Ebersperg.

420 2188 447 2216 S.
460 2188 521 2216 LE.
540 2185 718 2218 Gerdrudis
741 2185 781 2218 de
796 2185 1040 2227 Weissenperg.
1761 2188 1763 2191 ’

162 2245 204 2272 29.
277 2245 324 2272 ΠΙ.
336 2245 394 2273 kal.
421 2245 522 2273 ΜΠ.
541 2241 581 2274 D.
598 2241 770 2283 Dyetrious
791 2253 822 2273 n.
839 2252 865 2274 o.
881 2242 914 2273 in
929 2241 1110 2283 Fornpaoh.
1155 2241 1316 2274 Iohannes
1335 2241 1406 2283 pbr.
1424 2244 1457 2273 et
1471 2252 1513 2273 m.
1531 2240 1573 2272 ad
1590 2239 1649 2272 S¹²¹¹¹
1667 2239 1814 2272 Crucem.

421 2296 447 2324 S.
461 2297 522 2324 LE.
540 2293 685 2326 Pet-risse.
708 2304 769 2325 sor.
786 2305 817 2325 n.
835 2303 860 2325 c.

113 2368 120 2371 -
162 2356 205 2384 30.
288 2358 324 2385 11.
337 2357 394 2384 kal.
420 2357 461 2385 M.
472 2357 524 2385 LI.
542 2354 583 2386 D.
595 2354 748 2386 Nicolaus
764 2353 838 2386 abb.
852 2353 1021 2385 Scotorum
1032 2353 1215 2396 Wienne.⁵)
1248 2353 1460 2385 Wolfframus
1481 2363 1522 2384 m.
1534 2363 1565 2384 n.
1579 2362 1606 2383 o.
1644 2350 1815 2383 Udalrious

472 2405 543 2447 pbr.
559 2409 593 2437 et
614 2416 684 2438 can.
699 2406 732 2437 in
754 2405 991 2448 Hertznburga.
1037 2405 1179 2438 Michael
1202 2416 1248 2438 cv.
1266 2405 1308 2437 de
1332 2404 1532 2446 Saltzpurga.

421 2461 448 2488 S.
459 2461 521 2488 LE.
540 2457 718 2490 Gerdrudis
740 2468 803 2489 sor.
820 2457 863 2500 (n.
881 2456 959 2499 o.).‘)

267 2593 291 2627 ι)
309 2594 326 2621 2'.
339 2603 360 2621 e.
371 2595 520 2628 Neuburga.
617 2595 643 2628 b)
662 2595 874 2621 Emendandum:
891 2595 1040 2620 Almwious.
1139 2593 1162 2627 ⁰)
1183 2594 1293 2626 00m9.:
1313 2594 1465 2626 Tegernsee.
1568 2589 1594 2623 d)
1612 2590 1714 2616 Nomen
1731 2598 1813 2615 emen-

165 2638 295 2664 dandum.-
312 2638 380 2664 Alte.
484 2638 506 2672 ο)
526 2639 618 2672 Deficit
635 2639 676 2664 hic
693 2639 828 2671 descriptio
846 2638 998 2664 conditionis
1016 2641 1146 2663 accurata.
1250 2635 1270 2669 f)
1289 2645 1313 2661 n.
1327 2644 1350 2662 c.
1362 2635 1485 2668 supplevi.

270 2722 290 2755 ¹)
308 2722 444 2749 lohannes
455 2722 603 2750 Schaaehner
614 2726 782 2750 1455—1478.
866 2722 887 2757 ²)
906 2721 1072 2755 Schdnleben,
1088 2721 1136 2754 qui
1153 2729 1179 2748 α.
1192 2724 1256 2747 1541
1275 2719 1314 2747 ob.
1399 2719 1420 2753 ³)
1441 2717 1614 2746 Christianus
1629 2716 1815 2748 Tesmbacher,

164 2764 204 2791 ob.
217 2773 243 2792 α.
256 2768 329 2792 1502.
435 2767 456 2800 ⁴)
475 2766 608 2793 Iohannes
625 2766 683 2793 111.
702 2769 876 2793 1398—1402.
983 2766 1003 2797 5)
1021 2764 1059 2791 N.
1076 2763 1210 2791 canoniae
1229 2763 1255 2789 S.
1268 2762 1403 2796 Hippoliti
1425 2763 1553 2788 annotat:
1577 2759 1713 2787 Nicolaus
1735 2767 1816 2794 ppos.

165 2810 248 2837 monfl
265 2818 286 2836 s.
299 2809 438 2837 Dorothee
451 2808 577 2837 Wienne.
612 2809 744 2836 Nicotaus
762 2816 795 2835 ex
812 2808 930 2836 Wurzen
947 2810 1119 2834 1428—1458.

1553 2854 1608 2881 58*
