2150 3178
427 839 1031 900 NEGROLOGIA
1077 837 1531 899 CANONIAE

428 940 549 998 AD
592 939 1025 998 SANCTUM
1064 937 1533 997 ANDREAM.

265 1084 440 1130 Oanoniae
454 1097 500 1128 ad
510 1096 544 1129 S.
557 1096 723 1128 Andream
737 1107 762 1128 c.
775 1106 805 1128 a.
819 1096 905 1128 1160
919 1107 941 1129 a
956 1096 1055 1129 nobili
1071 1097 1137 1128 viro
1150 1096 1309 1129 Walthero
1325 1106 1346 1127 a
1361 1095 1509 1127 Traisma
1524 1096 1613 1135 apud
1626 1107 1650 1128 s.
1662 1097 1811 1129 Andreae

157 1148 317 1181 ecclesiam
338 1148 382 1180 ad
405 1148 573 1189 Trayisam
594 1148 729 1187 fluvium
749 1148 845 1180 sitam
866 1148 1032 1187 fundatae,
1060 1159 1090 1180 a.
1114 1158 1184 1180 vero
1207 1148 1292 1179 1783
1313 1147 1465 1186 sublatae,
1488 1149 1632 1188 quamvis
1654 1149 1811 1189 antiquis-

155 1201 271 1232 simum
290 1199 498 1240 necroloyium
514 1199 649 1240 periisse
671 1210 861 1238 censeamus,
883 1200 947 1232 duo
969 1202 1074 1232 tamen
1096 1200 1146 1231 his
1162 1202 1294 1231 exstant
1317 1199 1505 1239 temporibus
1526 1200 1710 1241 necrologia.
1760 1200 1809 1240 Cf.

156 1252 262 1284 Neues
283 1251 403 1284 Archiv
424 1251 568 1290 XXXV,
584 1262 620 1293 p.
639 1252 710 1284 752.

261 1323 290 1353 1.
320 1320 538 1362 Necroloyium
560 1322 774 1361 pervetustum
802 1321 888 1353 circa
914 1321 1051 1353 medium
1078 1330 1158 1353 saec.
1176 1321 1226 1352 13.
1250 1320 1347 1352 scribi
1373 1322 1515 1360 coeptum
1545 1323 1639 1361 atque
1668 1331 1689 1353 a
1710 1323 1811 1354 variis

157 1372 361 1404 librariorum
383 1372 531 1404 manibus
552 1376 650 1412 usque
670 1372 706 1404 in
727 1383 807 1404 saec.
823 1372 875 1404 15.
890 1372 1064 1411 deductum,
1091 1372 1175 1413 quod
1196 1373 1229 1404 A
1250 1371 1381 1412 appello,
1410 1371 1513 1404 codice
1535 1372 1668 1404 minoris
1688 1373 1811 1413 formae

157 1423 389 1456 membranaceo
416 1424 453 1455 in
479 1422 660 1455 bibliotheca
682 1434 830 1456 caesarea
854 1423 1087 1456 Vindobonensi
1107 1423 1266 1455 recondito
1288 1434 1375 1455 nunc
1396 1424 1474 1461 491,
1505 1423 1578 1455 olim
1601 1423 1687 1457 Hist.
1707 1425 1810 1458 eccles.

158 1470 220 1506 1'05
249 1475 373 1516 siynato
395 1476 438 1506 18
465 1474 554 1514 foliis
582 1475 766 1507 continetur.
825 1475 904 1507 Cum
925 1475 1036 1515 prima
1065 1476 1206 1507 auctoris
1227 1485 1356 1514 manus,
1386 1485 1466 1515 quae
1488 1475 1650 1507 munditia
1672 1486 1812 1518 curaque

157 1537 281 1558 summa
300 1526 434 1559 codicem
456 1527 606 1565 instituit,
632 1529 725 1558 notas
746 1536 811 1559 non
832 1527 964 1568 exiguas
987 1527 1191 1566 inscripserit,
1219 1537 1290 1559 eum
1313 1537 1351 1558 ex
1372 1527 1507 1567 quodam
1530 1527 1702 1568 necroloyio
1724 1539 1811 1561 nunc

157 1578 272 1610 amisso
298 1577 372 1610 illas
398 1578 621 1618 deprompsisse
643 1581 810 1618 putamus,
840 1579 924 1610 inter
949 1588 1029 1619 quas
1054 1580 1147 1610 notas
1175 1581 1359 1619 arqumento
1384 1589 1496 1619 qraves
1523 1578 1621 1611 colore
1642 1580 1738 1612 rubro
1760 1581 1811 1612 de-

157 1630 294 1670 scripsit.
339 1629 530 1661 Membrana
551 1629 668 1662 codicis
684 1630 781 1670 prius
802 1630 973 1671 scripturis
995 1629 1119 1669 expleta
1140 1640 1260 1662 rasura
1282 1630 1439 1662 mundata
1461 1633 1514 1668 est,
1538 1631 1631 1662 cuius
1653 1631 1812 1672 exemplar

157 1681 193 1713 in
214 1681 317 1713 codice
340 1681 423 1712 7455
445 1681 579 1713 minoris
601 1682 722 1720 formae
743 1681 906 1714 chartaceo
927 1682 964 1713 in
981 1681 1088 1713 eadem
1108 1681 1290 1713 bibliotheca
1310 1681 1444 1721 reposito
1463 1691 1550 1713 nunc
1570 1682 1676 1714 adhuc
1697 1686 1808 1715 exstat.

157 1732 335 1773 Necroloyii
360 1733 458 1765 huius
483 1735 628 1773 excerpta
655 1733 705 1764 vir
730 1732 927 1765 clarissimus
954 1743 993 1764 ac
1015 1733 1165 1765 memoria
1187 1733 1315 1773 diynus,
1343 1733 1448 1764 doctor
1470 1733 1619 1765 Andreas
1641 1745 1662 1766 a
1685 1734 1812 1767 Meiller

158 1784 318 1825 (Auseuqe
351 1794 412 1816 aus
444 1784 541 1816 einem
571 1784 737 1825 Necroloye
769 1794 849 1816 saec.
873 1784 978 1817 XIII.
1004 1784 1059 1816 der
1086 1783 1230 1823 Propstei
1256 1784 1304 1816 St.
1326 1784 1476 1816 Andreae
1505 1795 1550 1816 an
1582 1785 1638 1816 der
1668 1786 1810 1818 Traisen.

157 1835 277 1868 Archiv
295 1835 356 1878 fibr-
377 1836 625 1868 osterreichische
650 1835 954 1877 Geschichtsquellen
975 1835 1072 1874 XIX,
1090 1845 1125 1875 p.
1140 1835 1327 1877 397—410)
1346 1836 1488 1876 primum
1510 1836 1657 1877 vulyavit.

260 1905 290 1936 2.
319 1905 496 1946 Necroloqii
521 1906 702 1937 recentioris
730 1905 867 1937 recensio
893 1906 980 1936 circa
1006 1915 1036 1936 a.
1053 1904 1273 1936 1724—1726
1299 1905 1335 1936 in
1361 1905 1499 1937 canonia
1525 1905 1569 1936 ad
1596 1905 1629 1937 S.
1647 1906 1812 1938 Andream

157 1956 254 1988 scribi
276 1959 381 1997 coepta
403 1960 497 1998 atque
519 1967 618 1998 usque
639 1957 683 1989 ad
703 1967 733 1989 a.
750 1957 835 1988 1782
857 1957 1051 1994 continuata,
1079 1966 1175 1997 quam
1197 1956 1231 1988 B
1253 1956 1388 1995 nomino,
1412 1957 1515 1988 codice
1537 1958 1669 1989 maioris
1690 1959 1813 1996 formae

160 2008 322 2040 chartaceo
341 2009 377 2040 in
391 2009 544 2040 canoniae
559 2008 851 2049 Ducumburyensis
870 2007 1028 2040 tabulario
1043 2011 1210 2046 asservato,
1233 2018 1297 2040 non
1311 2009 1437 2049 signato
1450 2019 1535 2040 nunc
1551 2011 1663 2048 exstat,
1686 2010 1739 2041 cui
1762 2010 1811 2041 in-

158 2060 288 2100 scriptio
303 2061 511 2101 praefigitur:
533 2059 774 2100 „Necroloqium
796 2069 852 2091 seu
867 2059 1011 2091 elenchus
1025 2059 1233 2100 quotidianus
1248 2060 1469 2099 defunctorum
1485 2062 1514 2092 et
1528 2060 1751 2100 defunctarum
1774 2072 1813 2094 ex

158 2112 302 2144 casrwniis
328 2114 356 2144 et
383 2112 583 2144 monasteriis
609 2122 680 2143 cwm
707 2111 843 2143 canonia
869 2111 914 2142 ad
934 2110 966 2143 S.
983 2111 1147 2143 Andream
1169 2112 1215 2143 cis
1238 2111 1414 2144 Trasenam
1437 2111 1696 2154 confoederatis“.
1745 2114 1812 2154 Quo

158 2163 329 2204 necrologio
358 2174 428 2195 cum
456 2166 549 2196 notae
576 2173 640 2195 non
662 2173 786 2202 paucae
813 2162 1021 2203 antiquiores,
1053 2163 1111 2195 etsi
1137 2162 1213 2195 eheu
1241 2164 1349 2196 minus
1375 2167 1524 2196 accurate
1550 2164 1709 2203 redactae,
1741 2175 1812 2197 con-

159 2215 336 2254 tineantur,
363 2217 522 2248 auctorem
547 2215 622 2247 illas
640 2214 766 2254 partim
792 2224 831 2246 ex
855 2213 1026 2255 necroloyio
1052 2225 1139 2246 nunc
1164 2215 1323 2255 deperdito
1350 2215 1574 2256 deprompsisse
1601 2217 1715 2256 optimo
1742 2217 1813 2248 iure

159 2267 342 2308 colliyimus.

262 2327 381 2359 Nostra
407 2327 443 2359 in
471 2327 605 2359 editione
632 2326 839 2367 necroloyium
861 2326 894 2357 A
921 2336 989 2357 eum
1011 2326 1187 2358 recensione
1208 2327 1375 2367 necroloyii
1396 2328 1578 2359 recentioris
1601 2328 1632 2359 B
1653 2328 1689 2359 in
1711 2338 1812 2360 unum

159 2379 371 2418 confudimus.
421 2378 498 2411 Oum
519 2379 556 2411 in
570 2378 603 2410 A
625 2378 766 2410 auctoris
787 2388 918 2410 manum
937 2388 961 2409 a
982 2378 1205 2410 recentioribus
1227 2378 1375 2410 manibus
1397 2379 1589 2419 distinquere
1610 2379 1811 2418 intenderem,

159 2433 252 2462 notas
273 2431 313 2462 ab
328 2433 456 2462 auctore
477 2440 557 2462 saec.
575 2430 625 2461 13.
641 2430 812 2469 inscriptas
831 2428 945 2460 litteris
959 2429 1134 2461 maioribus
1148 2429 1247 2462 latius
1262 2430 1432 2470 dispositis,
1455 2433 1548 2463 notas
1569 2441 1639 2462 vero
1661 2441 1740 2463 saec.
1759 2431 1811 2462 13.

159 2481 297 2522 reliams
326 2481 440 2514 litteris
471 2481 645 2514 maioribus
673 2481 772 2513 latius
797 2481 958 2521 dispositis
986 2481 1077 2512 uncis
1102 2481 1249 2520 inclusis,
1280 2484 1372 2514 notas
1398 2492 1468 2514 vero
1496 2493 1575 2514 saec.
1597 2483 1648 2514 14.
1671 2483 1812 2514 adiectas

159 2533 275 2565 litteris
301 2533 486 2571 maioribus,
515 2543 594 2565 saec.
610 2533 661 2564 15.
684 2532 846 2574 appositas
874 2531 989 2563 litteris
1014 2532 1149 2564 minutis
1172 2532 1271 2564 latius
1293 2533 1467 2573 dispositis,
1496 2533 1663 2573 necroloyii
1685 2543 1756 2565 vero
1777 2533 1812 2565 B

159 2587 251 2617 notas
273 2584 387 2617 litteris
408 2586 518 2617 curavi
539 2585 758 2617 exscribendas
780 2584 921 2616 minutis.

264 2645 389 2684 Restat,
421 2648 459 2677 ut
491 2645 694 2677 Hartmanno
723 2643 920 2685 Priiylhofer,
954 2643 1107 2675 canoniae
1134 2643 1427 2684 Ducumburqensis
1460 2644 1655 2677 bibliothecae
1689 2645 1812 2677 custodi

160 2697 273 2737 optime
305 2697 427 2735 merito,
460 2697 544 2737 quod
575 2696 677 2729 codice
707 2695 873 2735 necroloqii
903 2694 937 2726 B
967 2693 1190 2735 Ducumburqi
1223 2696 1334 2728 utendi
1367 2696 1528 2728 licentiam
1560 2697 1812 2737 occasionemque

160 2748 240 2780 mihi
262 2749 419 2788 concessit,
439 2749 563 2789 yratias
585 2758 677 2788 aqam
700 2747 829 2780 debitas.

1552 2816 1604 2843 44*
