2150 3178
348 182 411 212 310
460 177 571 206 LIBER
589 177 835 205 OBLATIONUM
852 177 899 204 ΕΤ
918 177 1167 205 ANNJVERSAR.
1181 177 1410 206 MONASTERH
1427 177 1576 206 SCOTOR.
1591 177 1900 209 VINDOBONENSIS.

452 266 537 298 Item
561 265 591 297 d.
608 264 777 298 Oonradus
798 265 1000 308 Urwaetsch,
1025 264 1189 307 quondam
1211 275 1298 308 mag.
1314 264 1473 298 hubarum
1495 266 1528 298 in
1552 266 1693 309 Ausffia,
1717 267 1772 310 qui
1794 267 1875 300 alias
1898 267 2015 302 dieitur

348 318 407 350 der
421 317 654 358 Harmarkcht‚
677 327 751 349 cum
774 327 834 349 sua
856 317 994 359 coniuge
1010 315 1120 349 Geisla
1140 319 1326 359 nuncupata
1346 317 1550 350 contulerunt
1560 317 1586 360 ι)
1607 317 1649 350 ad
1665 319 1826 361 capellam
1842 319 1866 352 s*
1879 318 2015 363 Georgii

347 370 448 402 mon¹⁰
468 369 637 402 Scotorum
666 379 795 401 annexa
821 369 891 401 sine
914 368 1024 401 medio
1048 371 1067 401 4
1083 374 1114 400 ‘aa
1137 379 1211 402 cum
1234 369 1369 401 dimidia
1393 373 1415 406 o>
1438 380 1496 412 pro
1519 372 1678 413 perpetua
1700 371 1798 403 missa
1820 381 1893 404 cum
1918 375 2015 405 cantu

348 425 382 454 et
411 421 532 454 lumine
562 422 728 464 perpetuis
759 420 805 453 ibi
834 420 1003 453 habendis.
1053 421 1137 453 Item
1166 420 1267 453 iidem
1296 421 1501 454 contulerunt
1530 432 1588 464 pro
1619 433 1677 454 suo
1705 422 1825 455 anniv¹⁰
1847 425 2014 466 perpetuis

348 473 548 516 temporibus
575 473 772 506 celebrando
800 483 872 506 cum
900 474 966 505 suis
994 472 1146 506 oneribus
1173 473 1345 505 dumtaxat
1368 476 1387 505 5
1406 477 1436 505 w
1456 478 1478 511 a
1502 483 1575 506 cum
1598 473 1732 506 dimidia
1754 475 1846 508 iuxta
1867 478 2015 508 tenorem
2042 487 2054 507 ο

347 526 455 558 littere
483 525 622 568 desuper
652 525 813 566 confecto,
844 526 877 557 in
904 524 1019 567 quibus
1047 524 1179 567 quidem
1203 524 1377 557 arbitratus
1401 527 1451 557 est
1474 535 1571 568 quam
1593 525 1688 568 plura
1709 526 1743 559 in
1765 525 1881 559 eadem
1904 527 2015 560 littera

347 581 500 610 contenta
522 588 587 610 non
610 580 798 620 competere
821 587 928 620 neque
951 577 1095 609 moribus
1117 587 1223 620 neque
1247 577 1396 620 religioni
1419 578 1563 619 ipsorum
1586 577 1722 610 fratrum
1745 579 1883 621 predicti
1902 589 2014 612 mona-

347 631 448 672 sterii,
472 640 581 672 ymmo
596 640 656 662 nec
671 629 850 671 animabus,
873 639 932 671 pro
950 629 1067 671 quibus
1083 631 1132 662 est
1148 629 1313 670 collatum,
1329 631 1365 661 ut
1381 628 1467 662 clare
1483 632 1574 672 patet
1589 629 1732 662 litteram
1747 630 1852 673 ipsam
1867 631 2014 665 intuenti.

346 682 471 715 Verum
500 682 576 724 quia
606 682 647 714 de
677 681 832 724 predictis
860 681 1042 713 redditibus
1070 683 1103 713 in
1131 681 1214 714 libro
1245 681 1335 714 fundi
1365 681 1471 714 adhuc
1499 682 1704 715 inveniuntur
1730 685 1750 715 4
1766 687 1796 714 a
1815 687 1837 721 «ᾖ
1863 685 2016 726 perpetui

347 745 478 776 census,
508 734 584 766 ideo
607 733 782 766 arbitratus
807 737 870 775 est,
900 733 987 776 quod
1009 744 1068 776 pro
1092 734 1215 767 eisdem
1239 735 1386 776 pecuniis
1409 733 1592 766 celebretur
1614 735 1719 767 anniv.
1741 734 1918 768 eorundem
1941 745 2016 768 cum
2034 746 2060 768 ιο

347 787 465 829 vigiliis
494 787 590 818 trium
619 786 800 818 leccionum
829 789 863 818 et
890 786 988 818 missa
1017 785 1243 818 defunctorum
1271 787 1408 818 cantatis
1438 789 1471 818 et
1493 787 1624 829 insuper
1646 787 1679 818 in
1701 787 1868 829 suprafata
1890 787 2016 830 capella

346 838 589 881 septimanatim
612 837 742 879 legatur
763 848 829 870 una
851 838 950 870 missa
972 838 1006 870 in
1027 838 1219 871 memoriam
1243 848 1365 880 eorum,
1389 839 1446 881 qui
1469 841 1503 871 et
1525 849 1584 880 pro
1608 838 1724 881 quibus
1746 839 1971 872 fundaverunt.

451 890 536 922 Item
560 889 590 922 d.
608 889 778 922 Conradus
800 889 1005 930 Urwaetsch,
1036 890 1090 932 qui
1118 889 1234 922 dicitur
1261 890 1342 922 alias
1370 889 1428 923 der
1450 889 1686 932 Harmarkcht‚
1717 891 1801 923 filius
1828 891 2015 934 supradicti,

347 942 483 974 contulit
492 942 519 984 ²)
542 941 642 974 mon¹⁰
664 941 761 974 beate
784 940 889 973 Mario
912 941 1044 983 virginis
1067 940 1238 974 Scotorum
1261 952 1359 974 unum
1383 943 1530 984 quartale
1553 943 1648 975 vinee
1672 953 1725 975 am
1747 943 1922 986 Nuesperg
1942 943 2014 986 site,
2078 940 2083 946 '

347 994 389 1026 de
417 995 508 1026 cuius
534 993 745 1036 proventibus
774 994 806 1024 in
829 996 1024 1035 perpetuum
1047 994 1160 1026 statuit
1183 994 1342 1026 celebrari
1365 1005 1457 1027 suum
1482 997 1516 1027 et
1537 1004 1595 1026 sue
1617 995 1729 1027 uxoris
1751 994 1886 1038 Brigide
1908 996 2014 1028 anniv.
2033 1006 2059 1028 u

348 1058 421 1079 cum
449 1057 549 1079 onere
579 1047 611 1078 in
642 1046 751 1078 littera
781 1045 956 1088 descripto.
1001 1046 1124 1079 Verum
1155 1047 1231 1089 quia
1257 1047 1328 1089 ipsa
1354 1048 1450 1079 vinea
1480 1047 1521 1079 de
1551 1047 1617 1079 suis
1639 1047 1795 1080 fructibus
1821 1059 1885 1080 non
1908 1051 2018 1091 potest

347 1110 427 1131 onus
450 1098 634 1141 predictum
657 1101 859 1140 supportare,
887 1098 1008 1131 idcirco
1032 1098 1208 1131 arbitratus
1230 1101 1289 1139 est,
1317 1099 1405 1142 quod
1428 1099 1497 1132 eius
1520 1100 1626 1132 anniv.
1642 1099 1700 1131 fiat
1721 1109 1782 1142 per
1803 1101 1911 1132 omnia
1933 1101 2017 1134 sieut

347 1152 454 1183 anniv.
475 1150 517 1193 p‘·
539 1151 588 1182 sui
611 1150 739 1192 prefati,
763 1153 796 1182 et
818 1149 905 1192 quod
928 1151 959 1182 in
983 1151 1209 1193 prenominata
1231 1151 1255 1182 s¹
1276 1149 1409 1194 Georgii
1432 1151 1560 1194 capella
1582 1150 1742 1184 habeatur
1764 1152 1864 1184 missa
1885 1152 1919 1184 in
1940 1162 2015 1195 per-

346 1207 480 1245 petuum
504 1202 651 1245 qualibet
673 1203 856 1244 septimana
879 1201 1050 1235 dumtaxat
1072 1213 1136 1235 una
1158 1203 1191 1235 in
1215 1213 1327 1236 corum
1349 1204 1541 1236 memoriam
1564 1206 1600 1235 ut
1622 1203 1811 1236 immediate
1835 1214 1942 1246 supra.

452 1255 536 1286 Item
552 1253 722 1286 Elizabeth
747 1254 833 1286 dicta
849 1254 1003 1287 Metterin
1012 1255 1040 1297 ³)
1059 1255 1194 1288 contulit
1216 1255 1316 1288 mon¹⁰
1339 1256 1506 1298 suprafato
1523 1255 1686 1298 quandam
1702 1255 1846 1298 domum,
1870 1256 1911 1289 de
1926 1257 2017 1290 cuius
2034 1266 2060 1287 n

347 1318 454 1340 annuo
478 1318 575 1339 censu
599 1306 760 1338 ordinavit
782 1306 895 1339 haberi
920 1307 1131 1340 cottidianam
1155 1310 1189 1340 et
1209 1307 1403 1350 perpetuam
1426 1308 1557 1340 missam
1580 1308 1614 1340 in
1637 1307 1766 1350 capella
1781 1307 1804 1339 s¹
1818 1307 1914 1340 Pauli
1929 1308 2015 1341 eius-

348 1360 423 1392 dem
453 1359 546 1391 monii
569 1359 705 1391 annexis
734 1358 927 1401 quibusdam
956 1359 1110 1391 oneribus
1138 1360 1230 1392 iuxta
1259 1362 1407 1392 tenorem
1435 1359 1542 1392 littere
1566 1359 1708 1402 desuper
1729 1359 1885 1392 confecto.
1930 1359 2016 1393 Item

347 1411 475 1454 prefata
498 1410 670 1443 Elizabeth
693 1411 829 1443 contulit
858 1412 890 1443 in
920 1411 1082 1453 peculium
1112 1412 1256 1454 speciale
1288 1411 1324 1444 d⁰
1345 1411 1512 1454 Heinrico,
1543 1411 1707 1454 quondam
1738 1411 1812 1443 abb¹
1835 1411 2016 1454 Scotorum,

348 1464 511 1506 quandam
538 1464 666 1495 vineam
697 1474 737 1495 an
767 1463 826 1495 der
848 1463 1127 1506 Weissenleytten
1157 1464 1262 1496 sitam.
1316 1463 1382 1496 Sed
1412 1464 1489 1506 quia
1516 1463 1632 1496 domus
1658 1463 1787 1506 prefata
1814 1464 1958 1496 nescitur
1983 1467 2018 1497 et

347 1517 443 1548 vinea
465 1516 554 1548 venit
576 1526 635 1557 per
657 1516 763 1558 ipsum
787 1515 847 1547 dum
863 1515 1053 1548 Heinricum
1077 1515 1177 1548 abbw·
1193 1516 1224 1547 in
1241 1525 1446 1548 communem
1463 1516 1699 1558 possessionem
1717 1514 1821 1556 mon¹¹‚
1844 1525 1917 1548 cum
1940 1526 2016 1558 pro·
2034 1524 2061 1546 ιι

348 1569 470 1611 prietes
493 1569 525 1599 in
548 1568 652 1610 ipsum
676 1567 795 1600 cadere
819 1578 882 1599 non
905 1569 1011 1610 potuit
1033 1567 1074 1600 de
1097 1569 1177 1610 iure,
1200 1578 1264 1610 que
1287 1569 1384 1600 vinea
1406 1568 1572 1600 annuatim
1595 1567 1736 1600 solveret
1751 1567 1828 1600 licet
1843 1567 2017 1602 difficulter

348 1621 429 1653 duas
454 1625 484 1651 th
502 1624 526 1657 ᾧ.
550 1623 701 1662 prompte
730 1620 882 1661 pecunie,
912 1619 1032 1652 idcirco
1060 1620 1236 1652 arbitratus
1265 1623 1315 1652 est
1341 1630 1400 1662 pro
1427 1619 1574 1652 remedio
1602 1620 1710 1652 anime
1734 1619 1819 1652 dicte
1843 1619 1878 1651 d·
1901 1622 1935 1652 et
1956 1630 2016 1663 pro

347 1674 521 1705 securitate
549 1672 822 1703 conscienciamm
850 1674 917 1703 tam
945 1671 1073 1704 abbatis
1100 1682 1198 1715 quam
1226 1672 1293 1704 frum
1316 1673 1416 1714 ipsius
1442 1671 1536 1704 monn
1559 1671 1723 1712 sufficere,
1753 1674 1790 1704 ut
1816 1672 1885 1704 eius
1912 1674 1946 1704 ct
1967 1673 2017 1704 sui

347 1724 454 1756 mariti
487 1723 628 1756 Oonradi
658 1723 779 1755 Metter
811 1724 916 1755 anniv.
940 1727 1099 1766 perpetue
1131 1723 1315 1756 celebretur
1346 1723 1444 1756 modo
1476 1727 1508 1756 et
1540 1723 1644 1756 forma
1674 1727 1711 1756 ut
1741 1734 1852 1766 supra,
1887 1726 1924 1756 ut
1955 1723 2016 1756 sibi

347 1776 507 1808 adiunctis
535 1779 643 1807 tamen
672 1775 805 1807 cuilibet
831 1776 929 1807 misse
953 1775 1195 1808 anniversariali
1219 1779 1253 1808 et
1276 1775 1446 1818 principali
1469 1778 1623 1818 quattuor
1646 1776 1717 1808 aliis
1739 1776 1844 1808 missis
1868 1775 1961 1808 lectis
1983 1777 2016 1808 in
2033 1785 2062 1806 ιο

347 1830 490 1871 ipsorum
514 1829 716 1868 memoriam,
740 1828 794 1871 qui
818 1827 987 1860 dederunt.

451 1880 536 1912 Item
559 1879 732 1911 Heinricus
756 1879 896 1922 Senfft4)
925 1880 1061 1912 contulit
1083 1879 1225 1912 mediam
1248 1885 1279 1911 a
1296 1883 1318 1918 ο)
1345 1880 1496 1922 perpetui
1518 1890 1633 1912 census
1656 1890 1754 1922 super
1777 1879 1888 1922 domo,
1918 1891 2016 1923 quam

348 1933 434 1974 olym
458 1931 604 1974 possedit
626 1931 804 1974 vulgariter
827 1931 931 1964 dictus
944 1931 1067 1974 Waicz,
1092 1942 1155 1974 que
1179 1931 1221 1964 ob
1246 1932 1403 1974 originem
1427 1935 1477 1964 cst
1500 1932 1603 1964 eciam
1627 1931 1718 1964 fundi
1742 1932 1901 1964 censualis
1922 1931 2017 1964 monss

347 1984 515 2027 sepedicti,
540 1984 580 2016 de
605 1995 669 2026 qua
693 1983 825 2026 quidem
848 1984 958 2016 media
981 1989 1011 2015 412
1035 1983 1196 2016 ordinavit
1218 1983 1328 2016 lumen
1350 1987 1541 2016 nocturnum
1564 1986 1759 2026 perpetuum
1781 1983 1823 2016 ad
1847 1983 1871 2015 si
1885 1983 2016 2016 Martini

348 2037 508 2078 capellam
534 2036 679 2068 eiusdem
703 2035 806 2068 monii.
853 2035 920 2068 Sed
943 2037 1019 2079 quia
1042 2036 1188 2068 redditus
1211 2039 1284 2068 sunt
1306 2037 1411 2068 minus
1434 2035 1642 2077 sufficientes,
1671 2035 1745 2068 ideo
1769 2035 1942 2068 arbitratus
1965 2038 2015 2069 est
2033 2046 2058 2068 u

347 2088 380 2120 id
396 2089 501 2130 ipsum
526 2087 624 2119 divini
640 2088 744 2119 cultus
761 2087 953 2130 obsequium
970 2090 1001 2119 in
1018 2088 1106 2120 aliud
1122 2089 1254 2130 pietatis
1271 2098 1352 2130 opus
1368 2091 1580 2128 commutare,
1603 2086 1724 2120 idcirco
1741 2087 1901 2120 ordinavit
1915 2090 2014 2130 atque

347 2140 461 2172 statuit
482 2141 516 2172 in
538 2140 648 2182 ipsius,
672 2140 725 2182 qui
749 2140 895 2182 contulit,
918 2141 1111 2172 memoriam
1135 2141 1301 2172 annuatim
1325 2141 1410 2172 circa
1433 2139 1551 2172 festum
1570 2139 1659 2171 beati
1675 2139 1816 2181 Martini,
1840 2140 1930 2172 cuius
1944 2141 2014 2183 ipse

347 2192 544 2231 devotarius,
573 2195 610 2223 ut
632 2192 838 2233 presumitur,
869 2192 990 2233 extitit,
1022 2202 1081 2234 per
1103 2192 1157 2224 fre·
1179 2193 1280 2234 ipsius
1302 2191 1396 2224 mon¹¹
1419 2191 1595 2224 monachos
1617 2191 1750 2223 missam
1773 2202 1831 2233 pro
1855 2191 2015 2224 defunctis

346 2244 380 2275 in
403 2244 501 2276 choro
525 2246 685 2286 perpetuo
710 2243 887 2275 decantari.

450 2296 536 2328 Item
560 2295 596 2326 d⁸
614 2295 726 2328 Macza
748 2296 861 2328 relicta
885 2295 1049 2338 quondam
1073 2296 1101 2328 di
1118 2295 1220 2328 Ulrici
1243 2296 1284 2328 de
1301 2295 1459 2338 Neuburg
1483 2295 1618 2328 contulit
1628 2295 1654 2338 ⁵)
1676 2294 1776 2327 monio
1798 2294 1896 2327 beate
1910 2295 2014 2328 Marie
2032 2306 2060 2326 (ο

346 2348 478 2390 virginis
495 2347 666 2379 Scotorum
690 2350 708 2379 4
723 2352 752 2378 u.
777 2358 849 2379 cum
874 2348 1008 2380 dimidia
1030 2353 1055 2387 o).
1074 2349 1225 2390 perpetui
1248 2358 1363 2380 census
1386 2347 1477 2379 fundi
1497 2350 1572 2379 ante
1587 2346 1723 2379 Portam
1739 2346 1907 2379 Scotorum
1923 2348 2015 2380 iuxta

347 2403 494 2431 tenorem
524 2399 633 2431 littere
662 2398 802 2441 desuper
828 2399 954 2441 habite,
985 2401 1039 2442 qui
1067 2400 1198 2442 quidem
1226 2399 1371 2432 redditus
1398 2399 1504 2431 adhuc
1532 2398 1630 2431 hodie
1653 2399 1746 2441 quasi
1767 2398 1973 2440 possidentur
1994 2410 2015 2432 a

346 2451 493 2494 predicto
517 2450 626 2483 mon¹⁰.
672 2451 754 2482 Ideo
779 2451 939 2483 ordinavit
962 2454 1060 2494 atque
1083 2453 1204 2493 statuit,
1229 2451 1317 2493 quod
1341 2452 1410 2484 eius
1432 2451 1538 2483 anniv.
1556 2449 1741 2482 omnimode
1756 2450 1848 2482 iuxta
1870 2451 2014 2483 litteram

348 2504 417 2536 eius
440 2506 617 2545 peragatur
639 2502 791 2535 videlicet
814 2513 887 2535 cum
910 2504 1028 2546 vigiliis
1051 2504 1148 2535 trium
1171 2504 1352 2535 leccionum
1375 2506 1409 2535 et
1431 2503 1529 2535 missa
1553 2502 1779 2534 defunctorum
1801 2503 1947 2535 cantatis.

451 2555 536 2587 Item
559 2555 671 2598 Agnes
694 2556 807 2587 relicta
830 2556 994 2598 quondam
1017 2556 1208 2588 Perwinder
1236 2557 1268 2587 in
1295 2567 1353 2588 suo
1382 2558 1578 2588 testamento
1601 2555 1723 2598 legavit
1744 2554 1891 2597 predicto
1913 2554 2013 2586 m0n¹⁰
2031 2565 2057 2585 «s

348 2607 511 2650 quandam
527 2608 666 2649 vineam,
690 2608 785 2639 sitam
809 2608 841 2639 in
858 2608 1031 2650 Grinczing
1054 2619 1107 2640 am
1124 2608 1401 2650 Schenkemperg,
1426 2618 1500 2640 cum
1521 2607 1586 2639 suis
1601 2607 1723 2639 iuribus
1747 2610 1780 2639 et
1795 2606 2012 2649 pertinenciis,

348 2661 438 2691 cuius
461 2660 555 2690 vinee
579 2660 764 2691 summatim
787 2664 861 2692 sunt
884 2661 1024 2703 quinque
1049 2660 1219 2702 quartalia,
1243 2660 1284 2692 de
1308 2670 1372 2702 qua
1395 2659 1527 2702 quidem
1552 2660 1646 2691 vinea
1669 2669 1707 2691 ac
1723 2659 1792 2691 eius
1808 2658 1922 2690 annuis
1937 2668 2012 2700 pro-

416 2779 421 2783 .
454 2746 474 2778 ¹)
493 2744 554 2770 Hoc
572 2745 665 2772 anniv.
679 2753 704 2771 α.
718 2747 783 2772 1324
801 2746 951 2780 fundatum
969 2748 1013 2772 est.
1114 2747 1135 2779 ²)
1156 2745 1234 2772 Haec
1251 2745 1356 2772 annis-‘⁸'
1373 2745 1504 2780 fundatio
1523 2753 1548 2772 a.
1562 2747 1629 2772 1330
1645 2746 1723 2779 facta
1740 2746 1784 2772 cst.
1882 2743 1904 2778 ¹)
1922 2742 2013 2770 Elabar

347 2788 433 2815 vidua
446 2788 589 2814 chunradi
607 2788 673 2815 dieti
685 2788 774 2815 Meter
792 2798 817 2816 a.
827 2792 895 2816 1340
907 2790 1028 2823 diploma
1045 2789 1076 2816 de
1093 2789 1144 2816 hae
1155 2788 1318 2824 fundatione
1331 2789 1413 2816 dedit.
1511 2789 1533 2822 ⁴)
1552 2787 1701 2814 Heinricus
1713 2786 1804 2814 dictus
1815 2785 1902 2821 Semft
1914 2793 1939 2813 a.
1949 2788 2013 2813 1351

348 2831 396 2858 hoc
414 2831 507 2858 anniv.
520 2830 656 2865 fundavit.
763 2832 785 2866 Β)
804 2833 881 2859 Matz
898 2833 982 2860 vidua
1005 2833 1031 2860 U
1033 2833 1093 2860 lrici
1110 2832 1143 2859 de
1161 2832 1333 2859 Newnlmrch
1351 2841 1376 2859 a.
1390 2835 1452 2859 1315
1461 2831 1515 2858 -hos
1531 2830 1655 2858 redditus
1672 2830 1790 2858 dmmvit.
2030 2835 2056 2855 5⁰
